2998 3934
193 229 229 273 (ἰ

192 355 502 415 Olympiodor.
532 355 579 398 in
608 354 723 399 Plat.
745 354 892 399 Alcib.
914 369 981 412 pr.
1003 369 1047 412 p.
1069 356 1128 399 20
1154 355 1225 399 ed.
1256 354 1488 411 Cromen.)
1518 355 1574 399 ab
1595 354 1809 399 Hermete
1830 353 2118 414 Trismegisto
2146 357 2428 413 ωεροιιωοῑ)
2456 362 2776 415 auctoremque

192 431 400 475 videntur
429 430 627 474 indicare
656 429 940 488 philosophia
966 429 1171 472 inbutum
1200 429 1247 472 in
1277 445 1330 473 ea
1349 429 1563 474 Graeciae
1593 437 1718 488 parte
1747 430 1825 473 ubi
1855 429 2071 487 quaedam
2102 429 2331 473 etiamtum
2350 431 2526 475 occulte
2545 439 2779 489 serperent

192 507 315 551 velut
352 506 619 565 propagines
657 504 885 549 doctrinae
925 503 1296 562 Neoplatonicae,
1335 504 1382 548 in
1421 519 1511 561 qua
1546 512 1712 562 quanta
1748 505 1817 550 vis
1853 504 1990 549 fuerit
2024 504 2242 549 Mercurii
2277 504 2397 549 illius
2425 506 2644 565 Aegyptii
2676 512 2775 550 tum

193 580 428 625 Iamblichi
467 580 600 625 docet
638 579 716 636 qui
757 577 1017 623 inscribitur
1046 577 1103 621 de
1132 578 1356 635 mysteriis
1392 578 1504 624 liber
1542 586 1638 624 tum
1678 586 1855 638 praeter
1891 579 1989 638 ipsa
2017 594 2131 637 quae
2165 586 2353 625 aetatem
2382 579 2582 625 tulerunt
2609 580 2776 640 scripta

194 655 451 715 Hei-metica
487 661 691 699 veterum
721 660 953 698 auctorum
985 651 1260 697 Graecorum
1291 652 1646 711 Latinorumque
1674 653 1859 712 cyrini,
1902 653 2115 699 Iohannis
2141 652 2320 700 Stobaei
2334 688 2348 710 ,
2392 654 2617 699 Ammiani
2648 648 2779 700 Mar?

194 731 367 784 collini,
398 728 648 782 Iactantii,
679 728 924 785 Augustini
952 727 1204 771 testimonia
1232 716 1517 785 serrataeque
1547 728 1603 773 ab
1631 728 1686 773 iis
1715 729 1983 787 scriptorum
2012 727 2280 787 particulae.
2328 726 2619 774 Servatumm
2648 748 2698 775 se
2714 730 2778 776 ait

194 813 348 847 auctor
381 806 574 847 ordinem
604 801 946 858 alphabeticum3
987 800 1108 844 unde
1136 802 1445 859 percommode
1485 802 1670 856 accidit,
1707 809 1759 846 ut
1787 801 2016 847 Edi-isium
2057 809 2206 860 posset
2241 802 2288 846 in
2330 802 2428 859 ipso
2467 802 2615 859 operis
2646 803 2778 848 initio

195 880 434 934 collocare,
483 878 610 921 cuius
650 891 811 919 nomen
851 875 1067 933 inciperet
1103 891 1129 917 a
1165 876 1312 919 littera
1347 875 1504 933 Eliph,
1549 877 1677 933 eique
1714 877 2006 934 subiungere,
2052 876 2305 920 nominibus
2343 877 2416 924 ab,
2438 876 2589 921 eadem
2627 877 2777 922 littera

196 942 534 1010 incipientibus,
566 952 788 995 Amonem
818 957 862 992 et
892 948 1179 1007 Asclepium,
1216 966 1405 1009 quorum
1436 950 1567 994 etiam
1599 951 1718 1010 apud
1753 950 1951 996 Graecos
1979 965 2080 994 cum
2111 950 2326 995 Hermete
2352 951 2437 996 isto
2468 953 2775 996 commenticio

195 1026 350 1069 intima
378 1025 593 1081 quaedam
623 1023 879 1068 coniunctio
908 1029 994 1076 est,
1034 1024 1157 1068 velut
1186 1024 1232 1067 in
1261 1023 1548 1068 Poemandris
1560 1025 1600 1079 ²)
1631 1040 1758 1083 capp.
1779 1027 1819 1069 2.
1842 1027 1883 1069 6.
1907 1026 1949 1068 9.
1972 1026 2040 1068 10.
2064 1025 2141 1078 14,
2181 1024 2227 1068 in
2258 1025 2424 1082 Apulei
2454 1025 2685 1083 Asclepio‚
2729 1027 2777 1070 in

196 1101 248 1144 iis
285 1117 400 1157 quae
433 1108 536 1144 sunt
574 1099 693 1157 apud
723 1098 963 1144 Stobaeum
1004 1099 1050 1140 ἐκ
1091 1101 1177 1141 τῶν
1216 1100 1328 1155 πρὸς
1345 1099 1585 1155 ”Αμμωνα,
1635 1101 1682 1143 ἐκ
1710 1103 1798 1143 τῶν
1829 1099 1945 1155 πρὸς
1967 1098 2261 1156 Ἀσκληπιόν,
2308 1099 2354 1142 in
2384 1099 2614 1145 Hermetis
2640 1101 2778 1145 iatro-

197 1176 536 1229 mathematicis,
566 1174 801 1217 Iamblichi
833 1180 962 1229 myst.
994 1174 1045 1226 8,
1074 1177 1100 1216 5
1131 1174 1202 1215 all.
1263 1173 1431 1216 Verum
1464 1190 1570 1230 eg0,
1599 1175 1681 1218 etsi
1711 1191 1800 1217 non
1830 1174 1895 1217 ita
1913 1175 2027 1217 male
2048 1175 2308 1217 meriturum
2330 1182 2484 1232 putem
2507 1175 2562 1219 de
2583 1177 2777 1234 antiqui-

195 1250 298 1294 tatis
326 1257 459 1307 atque
489 1248 775 1293 humanitatis
805 1247 1013 1301 historia,
1053 1248 1129 1304 qui
1161 1248 1268 1291 istos
1297 1247 1565 1303 litterarum,
1607 1256 1658 1293 ut
1686 1249 1748 1292 ita
1777 1248 1948 1304 dicam,
1977 1248 2240 1307 angiportus
2267 1265 2294 1292 a
2322 1249 2649 1308 vicomagistris
2677 1252 2707 1295 i.
2738 1269 2777 1295 e.

197 1323 434 1381 philologis
470 1331 514 1367 et
553 1322 774 1367 historicis
811 1321 903 1364 fere
944 1321 1171 1378 neglectos
1200 1329 1452 1379 perreptare
1483 1330 1527 1366 et
1556 1323 1899 1380 superstitionis,
1946 1322 2187 1374 mendacii,
2233 1324 2507 1380 ignorantiae
2522 1358 2534 1378 ,
2581 1325 2779 1369 incuriae

196 1394 401 1443 sordibus
436 1397 638 1456 oppletos
675 1396 736 1439 ita
775 1410 1023 1453 expurgare
1062 1395 1345 1450 sustinuerit,
1389 1402 1438 1438 ut
1472 1396 1622 1453 aliqua
1661 1403 1780 1441 certe
1820 1396 2031 1454 adpareat
2062 1397 2193 1440 etiam
2224 1397 2269 1439 in
2301 1396 2370 1441 his
2398 1386 2566 1454 ingenii
2597 1398 2779 1443 humani

198 1466 360 1524 hirtus,
407 1497 463 1503 —
507 1488 610 1529 ego,
655 1472 860 1526 inquam,
907 1471 1119 1512 inmorari
1159 1470 1212 1512 iis
1252 1486 1395 1526 neque
1434 1470 1565 1514 huius
1604 1471 1690 1514 loci
1729 1471 1782 1514 ac
1819 1472 2034 1529 temporis
2077 1487 2223 1527 neque
2261 1488 2381 1515 meae
2420 1473 2647 1516 facultatis
2687 1489 2780 1517 esse

196 1548 413 1599 arbitror3
458 1563 600 1604 neque
644 1547 784 1603 magis
824 1561 897 1598 ea,
944 1561 1058 1602 quae
1088 1561 1131 1603 p.
1162 1547 1218 1588 56
1249 1561 1313 1601 sq.
1344 1546 1388 1587 in
1420 1546 1616 1604 Asclepii
1656 1548 1746 1590 vita
1785 1546 2027 1591 secundum
2070 1528 2311 1589 Ighannem
2343 1546 2691 1591 Grammaticum
2723 1547 2780 1590 de

199 1623 469 1665 medicorum
510 1622 730 1677 clarorum
761 1620 979 1662 aetatibus
1018 1621 1270 1662 referuntur
1303 1628 1345 1661 et
1376 1623 1568 1663 numeris
1600 1630 1643 1664 et
1675 1623 1926 1664 nominibus
1957 1628 2232 1664 monstruose
2263 1621 2504 1678 depravata
2515 1622 2553 1676 ³)
2595 1628 2781 1674 tentare,

198 1712 467 1754 quamquam
512 1696 724 1739 subnatae
769 1703 873 1737 sunt
912 1696 1191 1737 coniecturae
1236 1695 1487 1744 nonnullae,
1533 1703 1609 1737 aut
1648 1694 1774 1737 vacat
1811 1703 1889 1737 aut
1916 1696 2037 1737 libet.
2099 1694 2186 1739 Sed
2218 1711 2306 1736 non
2337 1695 2547 1737 debemus
2577 1696 2780 1738 omittere

198 1771 319 1828 quod
361 1778 582 1813 extremae
625 1771 740 1812 vitae
771 1769 938 1812 Edrisii
980 1784 1021 1827 p.
1057 1772 1108 1812 51
1142 1784 1206 1825 sq.
1245 1768 1465 1826 adscripta
1502 1777 1605 1812 sunt
1634 1770 1769 1812 verba
1799 1769 2033 1813 Solimanis
2063 1770 2251 1812 Hassani
2282 1771 2312 1811 f.
2346 1770 2608 1827 cognomine
2637 1769 2780 1812 Ebni-
2808 1779 2812 1782 “

199 1846 412 1903 Gialgial,
444 1871 500 1877 —
531 1846 591 1887 ita
607 1844 760 1887 Italiae
791 1845 966 1901 scripsit
984 1845 1276 1890 Assemanus.
1307 1868 1364 1873 —
1393 1843 1448 1884 de
1463 1842 1696 1897 Hermete,
1729 1845 1884 1901 hisque
1914 1860 2072 1887 rursus
2100 1846 2264 1887 inserta
2294 1844 2349 1887 de
2379 1845 2533 1887 eodem
2565 1846 2781 1888 sententia

201 1920 607 1972 Abu-Maaseiari,
653 1933 842 1974 quorum
883 1919 1004 1976 prior
1037 1917 1274 1960 Cordubae
1316 1916 1510 1958 medicus
1551 1924 1596 1962 et
1623 1918 1813 1959 vitarum
1844 1919 2032 1976 scriptor
2063 1918 2215 1960 floruit
2243 1919 2418 1961 saeculo
2447 1919 2570 1960 Xmo
2602 1926 2779 1961 centum

199 1997 289 2037 fere
321 2001 420 2051 post
435 1993 691 2035 Honainum
722 1992 861 2040 annis,
892 1992 1003 2034 alter
1033 1992 1282 2048 astrologus
1312 1991 1484 2032 saeculo
1501 1990 1633 2032 IXno
1650 1991 1851 2048 Bagdadi
1881 1992 2078 2048 aequalis
2097 1992 2190 2033 fere
2205 1991 2413 2033 Honaino
2434 1993 2575 2048 fuiw)
2608 1992 2779 2034 Verum

199 2070 276 2125 qui
305 2068 559 2113 abiudicata
589 2083 684 2109 eam
717 2067 772 2109 ob
803 2082 894 2108 rem
925 2073 1068 2109 totum
1099 2066 1297 2109 libellum
1329 2065 1383 2108 ab
1413 2065 1620 2109 Honaino
1650 2065 1777 2119 velit,
1822 2066 1862 2108 ei
1893 2065 2196 2124 responderim
2226 2065 2457 2123 equidem,
2501 2082 2594 2110 esse
2623 2067 2700 2109 illa
2728 2083 2781 2110 eo

200 2143 296 2185 loco
337 2143 500 2199 posita,
547 2149 615 2194 ut.
660 2141 696 2184 si
727 2156 808 2197 pro
839 2140 1139 2184 additamento
1169 2140 1289 2183 docti
1319 2139 1488 2182 librarii
1528 2139 1770 2183 habeantur
1800 2140 1870 2182 vel
1901 2156 1955 2183 ex
1992 2139 2274 2183 adnotatione
2316 2140 2492 2184 lectoris
2536 2141 2780 2199 cuiuspiam

200 2217 335 2261 inlata
364 2223 590 2275 putentur,
622 2215 898 2273 inscriptioni
928 2214 1038 2281 fides
1068 2222 1252 2259 constet.
1312 2213 1471 2271 Neque
1503 2213 1646 2258 obstat
1676 2213 1795 2271 quod
1826 2214 1986 2258 iterum
2017 2228 2059 2272 p.
2083 2216 2137 2258 55
2168 2214 2214 2257 in
2244 2214 2335 2258 vita
2355 2214 2554 2273 Asclepii
2584 2214 2781 2260 eiusdem

206 2291 575 2349 Ebu-Gialgialis
605 2290 821 2333 sententia
850 2291 1063 2344 infertur,
1103 2307 1215 2346 quae
1245 2297 1334 2333 tam
1364 2296 1513 2345 aperte
1544 2289 1699 2344 incidit
1727 2290 1969 2332 orationem
1999 2296 2132 2345 atque
2162 2290 2465 2346 interrumpit,
2507 2297 2557 2333 ut
2587 2289 2780 2334 dubitari

202 2368 308 2424 quin
349 2367 525 2410 insitiva
565 2366 622 2409 sit
661 2381 748 2408 non
790 2366 939 2422 possit.
1002 2365 1195 2410 Gravius
1226 2380 1317 2408 esse
1346 2363 1568 2421 putaverit
1605 2363 1783 2421 aliquis,
1829 2363 1949 2420 quod
1981 2379 2024 2422 p.
2046 2365 2100 2407 47
2132 2364 2178 2406 in
2208 2364 2299 2407 vita
2330 2363 2498 2407 Edrisii
2531 2379 2619 2407 non
2646 2364 2781 2421 longe

200 2443 255 2486 ab
286 2443 412 2484 initio
443 2442 602 2484 citatus
633 2448 697 2483 est
717 2439 1002 2494 Sahrestanii,
1033 2441 1060 2483 i.
1084 2455 1119 2482 e.
1143 2439 1261 2481 illius
1293 2454 1423 2494 quem
1453 2454 1536 2495 ego
1567 2437 1927 2481 Muhammedem
1954 2437 2357 2483 Schahrastanitam
2390 2439 2630 2493 nominavi,
2658 2439 2783 2483 locus

201 2518 277 2573 qui
308 2524 374 2560 est
403 2517 448 2559 in
465 2514 799 2558 Haarbriickeri
830 2515 1194 2571 interpretatione
1223 2512 1273 2555 II
1294 2527 1337 2569 p.
1359 2514 1386 2556 3
1417 2520 1464 2556 et
1481 2514 1550 2556 61.
1610 2512 1728 2555 Nam
1760 2529 1815 2555 ne
1846 2512 1964 2556 hunc
1994 2512 2173 2569 quidem
2203 2513 2340 2556 citare
2370 2513 2517 2569 potuit
2535 2512 2782 2564 Honainus,

418 2727 441 2767 1)
469 2726 521 2757 Ita
547 2726 698 2757 Ritterus
724 2730 757 2756 et
783 2724 959 2755 Prellerus
986 2723 1104 2754 histor.
1133 2721 1257 2763 philos
1288 2721 1410 2754 Graec.
1439 2731 1472 2754 et
1499 2723 1597 2754 Rom.
1625 2722 1643 2763 ξ
1669 2720 1737 2751 546
1763 2727 1831 2751 not⁴
1859 2720 1892 2751 d.
1919 2720 1971 2751 ed.
1999 2720 2078 2758 alt.;
2110 2720 2170 2751 sed
2196 2730 2318 2750 vereor
2344 2725 2381 2749 ut
2408 2729 2463 2750 res
2490 2719 2535 2749 sit
2561 2724 2779 2759 pertractata.

417 2786 443 2825 ²)
470 2784 690 2816 Poemander
714 2783 857 2815 inscribi
883 2783 971 2814 solet
995 2782 1425 2814 commentatiuncularnm
1454 2782 1731 2813 Hermeticarum
1756 2779 1936 2820 congeries
1961 2778 2042 2818 illa,
2080 2789 2183 2820 quam
2208 2784 2286 2820 post
2310 2778 2341 2809 T
2345 2777 2535 2817 urnebum,
2573 2776 2780 2817 Flussatem,

204 2846 392 2877 Patricium
417 2850 452 2876 et
476 2845 700 2885 interpretem
726 2842 973 2874 Germanicum
992 2841 1269 2872 Tiedemannum
1296 2851 1405 2881 nuper
1430 2840 1539 2871 edidit
1564 2837 1664 2870 Gust.
1684 2837 1877 2879 Partheyus
1898 2836 2051 2868 Berolini
2080 2837 2181 2869 1854.
2233 2836 2392 2868 Debebat
2420 2841 2516 2868 certe
2532 2833 2779 2877 hemandres,

201 2906 258 2947 qni
285 2910 337 2936 est
362 2904 496 2936 Graece
525 2902 783 2947 Ποιμάνδρης,
815 2908 854 2933 ut
877 2911 948 2933 non
974 2901 1177 2939 zoroaster,
1209 2900 1268 2931 sed
1295 2899 1496 2931 Zoroastres
1521 2898 1775 2943 Ζωροάστρης.
1824 2895 1893 2929 Sed
1921 2896 2066 2928 debetur
2090 2906 2217 2928 nomen
2242 2895 2334 2928 istud
2361 2895 2421 2927 uni
2447 2895 2581 2937 primae
2605 2905 2780 2928 commen-

202 2964 322 2996 tationi
348 2963 543 3005 argumenti
568 2962 738 3004 gnostici,
764 2961 800 2994 in
825 2970 895 3003 qua
919 2959 1148 2992 Poemandris
1175 2969 1324 3001 persona
1349 2965 1410 2991 est.
1461 2957 1672 2991 Adscribere
1697 2956 1800 2988 liceat
1824 2956 2012 2989 nonnullas
2039 2954 2362 2988 emendatiunculas
2388 2964 2501 2994 meas,
2534 2954 2668 2987 omissis
2694 2963 2780 2996 qua·

201 3023 258 3055 alii
286 3029 518 3064 occuparunt:
562 3021 591 3063 ξ.
619 3022 652 3052 4.
691 3017 811 3053 εἷ’-διόν
836 3031 870 3053 τε
896 3030 959 3062 pro
986 3016 1089 3060 ἥδιόν
1115 3029 1161 3051 τε.
1205 3018 1235 3059 ξ.
1265 3019 1295 3050 7.
1324 3018 1557 3062 περιέχεσθαι
1585 3026 1649 3058 pro
1673 3015 1921 3061 περισχὲσθω.
1960 3015 1989 3057 ξ.
2019 3016 2050 3047 8.
2089 3013 2128 3047 τό
2152 3015 2339 3060 πρόαρχον
2364 3012 2421 3054 τῆς
2448 3013 2556 3059 ἀρχῆς
2581 3012 2782 3057 ἀπέραντον

203 3092 265 3123 pro
292 3079 330 3114 ιό
356 3081 594 3126 προϋπάρχον
619 3078 677 3121 τῆς
703 3077 814 3124 ἀρχῆς
842 3077 1049 3123 ἀπεράντου,
1101 3077 1129 3119 ξ.
1162 3079 1214 3108 10.
1243 3075 1360 3120 ἄλογα
1384 3086 1447 3118 pro
1474 3075 1516 3108 rei
1541 3073 1672 3120 ἄλογα.
1721 3075 1750 3116 ξ.
1779 3075 1832 3106 11.
1858 3074 2034 3120 περιέχων
2058 3079 2121 3114 pro
2147 3071 2166 3105 ὁ
2185 3073 2382 3118 περιέχων
2407 3072 2459 3105 ἔτι
2477 3071 2550 3116 εἶχε
2568 3083 2632 3114 pro
2650 3071 2778 3115 ἐπεῖχε.

416 3139 444 3179 ³)
470 3138 605 3170 Eadem
630 3138 864 3169 contractiora
888 3136 1029 3167 exhibet
1045 3135 1319 3167 Gemaleddinus
1344 3135 1380 3166 in
1405 3136 1477 3165 vita
1496 3134 1715 3176 Hippocratis
1740 3143 1795 3175 ap.
1814 3133 1924 3165 Casir.
1950 3133 1968 3164 Ι
1992 3142 2025 3173 p.
2053 3132 2122 3164 236
2147 3130 2344 3163 nominibus
2371 3141 2442 3162 non
2462 3131 2576 3162 minus
2595 3129 2777 3172 corruptis.

415 3199 444 3237 ⁴)
471 3197 524 3228 De
550 3195 776 3237 Ibn-Golgol
803 3194 1089 3237 (Dscholdschol)
1124 3194 1203 3225 vide
1230 3192 1611 3225 Ibn-Abi-Osaibiam
1635 3203 1689 3234 ap.
1715 3191 1801 3224 silv.
1828 3192 1871 3223 de
1895 3191 1985 3233 Sacy
2011 3191 2055 3222 ad
2085 3189 2321 3231 Abdallatiph.
2349 3189 2496 3221 relation
2522 3190 2566 3220 de
2594 3188 2616 3219 l’
2641 3175 2779 3230 Iilgypte

203 3267 234 3299 p.
261 3257 330 3288 495
357 3266 432 3297 sqq.
484 3256 556 3287 Cfr.
585 3255 708 3296 Flfigel
734 3255 769 3285 in
796 3253 918 3284 Ersch.
946 3259 980 3283 et
1005 3252 1115 3284 Grub.
1141 3252 1321 3294 encyclop.
1347 3252 1401 3291 11,
1430 3251 1472 3283 15
1499 3262 1531 3292 p.
1559 3251 1605 3283 30
1631 3261 1680 3291 sq.
1734 3249 1953 3281 Wfistenfeld
1980 3248 2088 3280 Arab.
2109 3250 2235 3279 Aerzte
2260 3259 2292 3289 p.
2319 3247 2375 3281 57.
2427 3245 2608 3278 Wenrich.
2635 3256 2668 3286 p.
2696 3246 2778 3277 220.

205 3315 579 3356 Hammer-Pnrgstall
614 3313 688 3346 LG.
724 3314 756 3345 d.
795 3315 856 3344 Ar.
891 3313 922 3342 V
955 3323 988 3353 p.
1022 3312 1091 3344 346
1117 3322 1192 3353 sqq.
1245 3311 1299 3343 De
1334 3309 1631 3342 Abu-Maaschar
1655 3309 1899 3350 (Abulmasar,
1935 3308 2164 3348 Albumasar,
2188 3307 2398 3350 Apomasar)
2427 3304 2623 3347 Abulphar.
2648 3316 2682 3347 p.
2711 3304 2776 3337 161

200 3386 274 3416 sqq.
305 3375 370 3406 178
397 3385 448 3415 sq.
500 3372 703 3407 Gemaledd.
735 3384 789 3414 ap.
817 3371 928 3405 Casir.
957 3371 973 3403 1
998 3383 1030 3413 p.
1058 3370 1137 3403 351.
1189 3369 1367 3402 Herbelot.
1395 3380 1427 3404 v.
1457 3368 1536 3402 Abu
1562 3367 1746 3401 Maaschar
1771 3378 1800 3402 e.
1827 3368 1906 3401 add.
1934 3366 2065 3402 Reiskii
2091 3372 2126 3401 et
2149 3366 2370 3401 Schultensii.
2396 3362 2779 3408 flamma-Purgsth

206 3433 253 3464 [V
282 3444 313 3474 p.
342 3433 405 3464 311
437 3443 510 3474 sqq.
540 3438 574 3464 et
599 3442 685 3473 quos
711 3432 793 3463 citat
819 3429 947 3463 Grssse
974 3429 1064 3464 Hdb.
1093 3429 1126 3463 d,
1153 3429 1291 3470 allgem.
1319 3427 1571 3469 Literfzrgesch.
1599 3427 1654 3467 11,
1683 3429 1699 3459 1
1727 3438 1760 3469 p.
1788 3428 1867 3460 514.
