2998 3934
2616 178 2674 231 21

266 301 269 304 Ι
313 332 315 335 ·
355 317 441 361 m)
466 301 626 352 Laertius
651 312 727 359 111,
753 316 818 351 20:
856 313 1055 364 Λυτροῦται
1078 313 1124 357 δη
1146 314 1250 350 «mcv
1273 315 1365 351 κατὰ
1387 317 1495 363 τόχην
1507 313 1633 363 παρών
1648 316 1839 361 Ἀννίκερις
1856 315 1874 348 ὁ
1888 317 2094 361 Κυρηναῖος
2112 314 2222 350 εἴκοσι
2238 317 2353 362 μνῶν,
2379 318 2415 351 οι
2431 317 2471 352 δὲ
2487 319 2684 365 «pubem,

128 377 191 415 καὶ
219 370 610 426 ἄνακέμιιειαιίθήναζι
631 374 723 425 πρός
745 372 824 413 τοδς
845 373 1036 422 ἑταίρους
1052 374 1088 409 ot
1112 373 1140 409 δ
1158 372 1267 412 εδθὸς
1288 374 1483 422 τάργύριον
1507 374 1729 424 εξέκεμψαν,
1755 370 1843 419 ὅπερ
1869 372 1911 407 οι
1932 375 2144 441 προοηκατο,
2172 373 2281 409 εἰπών
2303 374 2353 421 μὴ
2374 373 2509 420 μόνους
2534 376 2685 412 ἐκείνους

129 434 254 479 ἀξίους
280 435 377 473 εῖναι
391 428 595 475 Πλάτωνος
616 430 817 479 mm·
833 433 924 469 ἔνιοι
946 430 990 468 δέ
1010 432 1072 468 καί
1086 433 1207 469 Δίωνα
1231 431 1441 469 α’ποστεῖλαί
1465 428 1555 479 φασι
1578 444 1619 468 το
1643 432 1818 481 ἀργύριον
1846 432 1906 467 καὶ
1929 432 1989 467 τὸν
2010 432 2061 480 μή
2082 434 2309 480 προσέσθαι·
2328 433 2415 469 ἀλλά
2436 434 2496 469 και·
2519 434 2686 478 κηπιδιον

127 495 223 545 αὐτᾷ
247 493 289 533 τό
313 488 559 544 ἶν’,ίκαδημίᾳ
580 495 772 553 πρίασθαι.
822 492 1008 543 Hortulum
1024 493 1231 541 Academiae
1250 493 1366 532 tribus
1391 493 1561 526 millibus
1568 481 1811 526 drachmarum
1835 494 1858 529 i
1883 503 1913 526 e.
1938 494 2081 535 triginta
2104 494 2205 527 minis
2230 500 2358 527 emtum
2383 494 2465 528 dicit
2476 494 2684 528 Plutarchus

126 556 170 588 de
193 554 360 595 exil.10;
386 565 488 597 quem
513 561 629 587 ternos
653 562 777 587 aureos
801 552 993 585 reddidisse
1016 538 1164 594 legimus
1188 561 1243 594 ap.
1261 550 1424 586 Suidam·
1448 552 1525 586 vid.
1543 562 1578 585 n.
1601 562 1686 585 nnn.
1736 552 1878 584 Idemne
1904 552 1988 593 fuit,
2014 563 2115 594 quem
2140 552 2334 596 Speusippo
2360 554 2510 587 Dionem
2536 555 2683 587 donasse

70 620 84 631 '
125 611 246 649 scribit
266 610 476 647 Plutarchus
500 612 605 647 Dion.
626 614 695 646 1⁷?
731 631 772 637 —
808 610 979 655 Cyrenaei
1008 615 1224 658 responsum
1243 610 1292 643 sic
1324 610 1398 644 fere
1420 611 1664 654 interpretatus
1690 616 1744 643 est
1765 610 1934 644 Steinius.
1983 609 2056 644 Hic
2077 617 2129 645 est
2149 613 2204 644 vir
2227 613 2380 657 sapiens,
2418 620 2451 646 et
2482 614 2515 646 si
2536 614 2683 646 matina

125 669 212 707 mihi
234 672 447 707 numer-tanda
464 674 523 707 ἐίι
538 673 707 719 pecunia,
733 670 898 705 redimam
923 680 997 703 eum
1020 681 1044 703 α
1065 669 1213 703 vinculis
1237 675 1270 703 et
1293 675 1387 703 certo
1410 670 1472 704 ille
1495 668 1624 704 redibit
1645 670 1680 703 ι’νι
1699 671 1852 714 patriam
1876 670 1991 704 salvus
2015 676 2117 715 atque
2140 671 2330 705 incolumia.

248 740 260 757 ι
313 732 414 777 W)
439 732 597 766 Laertius
621 730 696 773 111,
723 732 786 763 21·
825 728 869 763 οδ
895 726 968 780 μιὶν
997 727 1036 762 δ’
1062 726 1235 774 ἡσύχαζεν
1257 727 1279 762 o‘
1304 729 1512 765 Διονύσιος·
1527 727 1660 775 μαθών
1683 727 1723 762 δ’
1748 728 1918 763 ἐπέστειλε
1946 729 2114 764 Πλατωνι
2135 729 2186 776 μὴ
2209 731 2327 768 κακῶς
2353 730 2539 778 ἀγορεύειν
2564 730 2680 766 αὐτόν.

125 791 186 826 καὶ
217 790 255 830 ὃς
287 790 523 827 ἀντεπέστειλε
556 789 606 837 μή
628 790 799 833 τοσαύτην
830 786 922 835 αὐτῷ
946 784 1079 833 σχολῆν
1102 786 1195 821 εἶναι
1220 783 1308 822 ὥστε
1333 787 1519 822 Διονυσίου
1540 786 1760 833 μεμνῆσθαι.
1810 788 1860 820 At
1889 788 1981 831 apud
2006 788 2233 822 Plutarchum
2258 789 2363 823 Dion.
2383 791 2428 823 20
2453 789 2573 831 Plato,
2605 800 2681 823 cum

125 851 264 884 tertium
287 851 325 884 in
338 849 497 885 Siciliam
521 850 690 891 venisset,
715 847 888 891 Dionysio
911 846 1038 878 minori
1062 855 1179 878 coram
1203 845 1422 888 respondisse
1447 845 1590 884 dicitur:
1619 844 1668 891 μή
1693 847 1842 888 τοσαύτη
1865 846 1983 893 λόγων
2000 847 2039 881 ἐν
2053 845 2248 894 Ἀκαδημίᾳ
2265 849 2403 894 γε’νοιτο
2422 850 2569 890 σπάνις,
2593 847 2682 882 ὥστε

126 907 190 944 σοῦ
218 920 297 944 τινα
324 907 576 956 μνημονεῦσαι.
625 910 840 942 Assemanus
874 905 1066 938 orationem
1100 904 1245 948 sumpsit
1276 904 1320 937 ab
1355 903 1542 938 Ambrosio
1573 904 1703 938 Laertii
1735 906 1931 948 interprete.
1982 906 2096 939 Arabs
2130 908 2178 939 sic
2209 908 2474 950 respondentem
2500 908 2681 940 Platonem

124 968 224 1001 facit:
261 965 343 1000 Non
367 973 420 1000 eut
439 959 525 1000 baiba·
547 978 589 1000 ea
611 967 783 1007 υαοιιίεαε,
809 975 872 998 nec
896 964 1031 997 invenio
1056 964 1159 996 otium
1184 973 1250 1007 quo
1275 961 1439 1007 Dionysii
1460 964 1675 996 reminiscar.

336 1027 410 1067 ¹¹¹)
436 1026 624 1069 Perperam
652 1025 825 1059 intellexit
856 1024 1003 1066 scriptor
1027 1022 1200 1056 Graecum
1231 1028 1404 1055 auctorem
1437 1033 1534 1063 eum,
1551 1022 1713 1065 opinor,
1752 1033 1774 1054 a
1807 1034 1875 1064 quo
1908 1023 2010 1055 fluxit
2040 1024 2127 1056 illud
2152 1025 2281 1067 Apulei
2314 1026 2356 1057 de
2389 1026 2503 1067 dogm.
2523 1025 2611 1057 Plat.
2638 1027 2680 1057 4:

124 1083 284 1126 secundo,
306 1085 416 1130 petitu
435 1083 606 1129 Dionysii,
633 1090 672 1118 ut
684 1082 916 1128 Syracusanis
940 1082 1118 1115 assisteret
1136 1080 1312 1126 profectus
1337 1086 1370 1114 et
1386 1086 1425 1114 ut
1438 1081 1662 1147 municipales
1680 1081 1771 1124 leyen
1788 1082 1860 1114 eius
1872 1083 2076 1126 provinciae
2093 1082 2298 1116 adduceret.
2347 1084 2506 1116 Laertius
2524 1083 2590 1124 ΙΙΙ,
2617 1085 2680 1115 21:

125 1142 292 1191 δεύτερον
315 1142 404 1209 πρός
428 1142 490 1178 τόν
514 1144 686 1191 νεώτερον
709 1135 770 1186 ἧκε
788 1142 975 1177 Διονύσιον
999 1140 1106 1174 αἰτῶν
1130 1138 1198 1186 γῆν
1220 1139 1283 1173 καί
1308 1133 1523 1188 ἀνθρωπους
1546 1137 1641 1181 τούς
1648 1138 1738 1173 κατα
1762 1151 1822 1182 την
1846 1141 2027 1176 πολιτείαν
2050 1140 2161 1175 αυτοῦ
2184 1142 2421 1188 ζησομένους
2441 1141 2460 1176 ὅ
2488 1141 2528 1176 δι’
2553 1143 2680 1189 καίπερ

124 1202 369 1251 ὑποσχόμενος
401 1215 464 1237 ουκ
496 1204 667 1245 ἐποίησεν.
716 1201 841 1235 Sanius
875 1199 1082 1233 Plutarchus
1112 1199 1238 1241 philos.
1263 1209 1292 1234 c.
1318 1199 1426 1241 princ.
1453 1199 1491 1231 4:
1529 1198 1589 1232 και
1620 1199 1776 1232 Πλάτων
1806 1200 1854 1235 εἰς
1886 1191 2054 1234 Σικελίαν
2084 1201 2227 1235 ἔπλευσε
2262 1201 2410 1241 ἐλπίζων
2439 1214 2482 1235 τα
2513 1201 2680 1247 δόγματα

124 1263 255 1306 νόμους
277 1261 337 1295 και
362 1262 470 1308 ἔργον
494 1262 654 1303 ποιήσειν
678 1261 716 1294 ἐν
742 1261 817 1296 τοῖς
841 1259 1030 1294 Διονυσίου
1055 1258 1278 1304 πράγμασιν.
1329 1256 1401 1290 cfr.
1419 1258 1510 1290 Plat
1536 1255 1633 1299 epist.
1653 1259 1672 1289 7
1698 1268 1730 1299 p.
1759 1257 1827 1290 328
1853 1269 1881 1290 c.
1923 1258 2015 1291 Plut.
2034 1259 2138 1294 Dion.
2160 1262 2214 1291 ll.
2257 1260 2395 1302 Menag,
2420 1261 2464 1292 ad
2482 1260 2638 1292 Laertl
2658 1261 2679 1292 l

124 1318 304 1355 Hermann
328 1317 454 1354 Gesch.
472 1331 504 1356 u.
524 1319 614 1363 Syst.
633 1319 667 1354 d.
684 1318 773 1352 Plat.
792 1317 925 1353 Philos.
943 1316 962 1349 Ι
978 1328 1011 1360 p.
1032 1317 1110 1349 117.
1139 1334 1181 1340 -
1210 1315 1264 1348 De
1286 1315 1457 1349 seditione
1482 1314 1574 1358 quod
1602 1315 1757 1357 sequitur
1782 1316 1864 1348 satis
1889 1326 2015 1359 prope,
2041 1323 2079 1349 ut
2102 1318 2138 1350 in
2163 1317 2303 1351 homine
2329 1319 2426 1351 istius
2451 1324 2485 1351 et
2509 1319 2622 1361 gentis
2648 1326 2682 1351 et

124 1381 264 1421 aetatis,
289 1378 333 1412 ad
358 1389 399 1412 ea
422 1379 605 1420 accedunt,
632 1388 718 1421 quae
742 1378 808 1421 ipsi
834 1382 965 1410 veteres
990 1376 1033 1408 de
1058 1380 1135 1410 orta
1158 1374 1228 1407 illis
1254 1374 1466 1418 temporibus
1491 1374 1641 1408 Diouem
1665 1375 1755 1407 inter
1780 1380 1813 1407 et
1838 1375 2046 1418 Dionysium
2071 1377 2245 1410 simultate
2270 1378 2506 1420 prodiderunt.

337 1438 412 1483 ΥΠ)
437 1438 594 1471 Laertius
619 1437 690 1479 ΠΙ,
717 1436 777 1469 23:
805 1437 926 1484 τρίτον
948 1430 1035 1479 ἦλθε
1062 1433 1259 1474 διαλλαξων
1284 1434 1408 1468 Δίωνα
1435 1433 1609 1480 Διονυσίῳ
1628 1457 1637 1467 .
1657 1432 1700 1467 οὕ
1725 1431 1844 1480 τυχών
1869 1433 1909 1468 δὲ
1935 1432 2115 1483 ἄπρακτος
2139 1435 2334 1479 ἐπανῆλθεν
2357 1438 2408 1474 εἰς
2431 1436 2491 1480 τὴν
2513 1438 2681 1485 πατρίδα,

125 1499 215 1532 ἔνθα
253 1499 430 1534 πολιτείας
459 1497 527 1543 μὲν
558 1497 621 1541 οὐχ
652 1494 789 1539 ἥψατο,
826 1496 943 1527 καίτοι
973 1492 1152 1528 πολιτικὸς
1182 1492 1234 1525 ὢν
1266 1493 1302 1532 ἐξ
1332 1486 1383 1525 ὧν
1413 1503 1619 1539 γεγραφεν,
1666 1492 1781 1525 αἴτιον
1813 1492 1852 1526 δὲ
1885 1492 1923 1526 τό
1958 1492 2027 1536 ἤδη
2061 1494 2120 1527 τόν
2153 1494 2268 1540 δῆμον
2292 1494 2409 1532 ἄλλοις
2432 1497 2682 1543 πολιτεύμασιν

126 1557 335 1592 ἐνειθίσθαι.
385 1555 548 1599 Sequitur
562 1555 779 1598 Pamphilam
803 1554 839 1586 in
865 1552 1192 1585 commentariorum
1216 1551 1306 1583 libro
1325 1551 1433 1583 XXV
1458 1552 1653 1595 scripsisse,
1679 1550 1729 1588 οἷς
1745 1551 1911 1600 Ἀρκάδες
1935 1553 1992 1586 καί
2009 1554 2162 1597 Θηβαῖοι
2175 1555 2343 1599 Μεγάλην
2366 1555 2468 1589 πόλιν
2492 1556 2682 1597 οῑκίζοντες

125 1616 348 1663 παρεκάλουν
372 1612 479 1650 atui»
501 1614 703 1659 νομοθέτην
721 1623 730 1632 ·
749 1612 768 1646 ὁ
794 1612 834 1646 δὲ
857 1610 992 1657 μαθών
1016 1611 1093 1645 ἴσον
1118 1610 1215 1655 ἔχειν
1240 1610 1282 1643 ου’
1299 1610 1471 1646 θέλοντας
1487 1609 1552 1645 οὐκ
1570 1610 1764 1658 ἑπορειίθη,
1790 1611 1881 1653 quod
1899 1612 1990 1643 idem
2008 1618 2127 1645 narrat
2140 1614 2308 1646 Aelianus
2327 1625 2398 1646 var.
2417 1615 2537 1648 histor.
2557 1616 2604 1656 11,
2621 1618 2679 1648 42.

124 1674 290 1709 Similiter
327 1675 369 1708 de
394 1674 581 1718 Cyrenaeis
605 1671 782 1705 Plutarch.
816 1671 860 1703 ad
892 1670 1038 1713 princip.
1064 1669 1197 1702 inerud.
1227 1672 1256 1702 l.
1308 1671 1465 1713 Adparet
1498 1671 1650 1704 rivulum
1683 1682 1726 1704 ex
1760 1682 1828 1713 quo
1861 1671 2043 1705 hauriebat
2066 1673 2246 1706 Honainus
2279 1675 2399 1707 eodem
2424 1687 2467 1709 ex
2492 1677 2587 1710 fonte
2613 1689 2681 1721 quo

125 1735 346 1767 Laertianum
369 1742 537 1766 manasse.
587 1732 679 1763 Illud
704 1740 797 1771 vero,
823 1730 882 1771 qui
908 1730 950 1761 de
968 1729 1122 1761 Platonis
1147 1729 1353 1771 scriptorum
1378 1730 1500 1762 ordine
1523 1735 1626 1772 atque
1651 1735 1761 1763 aetate
1787 1731 1973 1772 disputant,
2002 1731 2104 1763 velim
2129 1733 2282 1774 cogitent
2306 1744 2409 1775 quam
2426 1736 2470 1766 sit
2487 1746 2557 1768 non
2574 1738 2677 1769 modo

125 1794 169 1825 ad
202 1793 395 1825 fabularum
427 1792 583 1831 illarum,
620 1791 648 1822 si
683 1795 763 1822 sunt
795 1789 954 1829 fabulae,
994 1789 1164 1831 originem
1189 1789 1464 1832 perspiciendam
1487 1789 1547 1821 sed
1572 1789 1616 1820 ad
1641 1790 1751 1831 ipsam
1774 1791 1824 1821 rei
1851 1790 2030 1821 veritatem
2055 1792 2301 1823 convenienter
2327 1792 2474 1833 dictum,
2512 1795 2603 1836 quod
2631 1802 2681 1827 est

125 1853 216 1894 apud
241 1851 546 1890 Gemaleddinum,
572 1850 761 1891 desperatis
786 1849 923 1882 demum
949 1849 1051 1880 rebus
1076 1848 1202 1881 Siculis
1229 1849 1410 1881 Platonem
1434 1859 1513 1880 suos
1538 1849 1671 1889 Legum
1696 1849 1803 1880 libros
1828 1850 2015 1890 scripsisse.

337 1911 405 1950 ω)
432 1909 590 1941 Laertius
615 1908 690 1948 111,
728 1908 793 1940 46:
830 1906 991 1952 μαθηταὶ
1031 1906 1070 1939 δ’
1106 1906 1211 1941 αὐτοῦ
1235 1932 1436 1941 .........
1462 1906 1521 1940 καὶ
1559 1905 1657 1940 ἄλλοι
1694 1908 1832 1944 πλείους
1869 1906 1932 1941 σόν
1971 1908 2024 1944 οἷς
2059 1908 2120 1941 καὶ
2157 1912 2321 1952 γυναῖκες
2358 1910 2440 1952 δύο,
2480 1914 2681 1946 Λασθένεια

125 1968 319 2012 Μαντινικὴ
343 1968 402 2003 καὶ
426 1966 582 2009 Ἀξιοθέα
608 1966 786 2007 Φλιασία,
813 1963 834 2009 ἢ
856 1966 917 2000 καί
942 1964 1090 2013 ἀνδρεῖα
1114 1965 1328 2011 ἠμπίσχετο,
1356 1963 1403 2001 ὥς
1428 1976 1515 2009 φησι
1539 1965 1766 2011 Δικαίαρχος.
1817 1966 1962 2008 Apulei,
1995 1966 2186 2006 Athenaei,
2220 1966 2407 2001 Clementis
2434 1970 2678 2012 Alexandrini,

126 2028 324 2069 Themistii,
356 2026 595 2070 Olympiodori
626 2026 669 2058 de
699 2025 753 2058 his
783 2025 920 2058 feminis
952 2025 1048 2057 locos
1082 2025 1188 2058 refert
1213 2025 1394 2068 Menagius
1425 2024 1470 2056 ad
1494 2024 1528 2056 h.
1554 2024 1576 2056 l.
1627 2024 1775 2056 Easdem
1809 2024 1863 2056 hic
1890 2034 2026 2067 quoque
2051 2025 2208 2058 nominat
2232 2027 2397 2070 scriptor,
2435 2039 2514 2062 nam
2540 2030 2681 2064 Alme-ia

126 2087 299 2139 [ababli
324 2103 376 2131 est
400 2095 587 2132 Lasthenia
612 2083 826 2148 le53
856 2095 997 2129 Amutia
1030 2082 1197 2159 [ἐξῆν.
1224 2101 1275 2129 est
1298 2092 1471 2129 Axiothea
1495 2082 1690 2156 ΨΜ
1672 2087 1728 2142 Ἴ,
1764 2101 1798 2128 et
1821 2105 1884 2138 pro
1920 2085 2098 2150 Νηλώ
2075 2098 2120 2147 ”5
2136 2125 2147 2144 ‚
2174 2097 2266 2139 quod
2285 2096 2443 2144 Philipps·
2458 2111 2584 2134 nomen
2604 2111 2678 2134 esse

124 2175 246 2215 potest,
274 2170 331 2202 vix
356 2168 497 2203 dubium
520 2173 573 2200 est
597 2168 681 2210 quin
705 2167 870 2210 scriptum
886 2166 991 2200 fuerit
1018 2156 1161 2223 &Aa
1190 2166 1212 2200 i.
1238 2177 1268 2200 e.
1293 2165 1426 2201 Phlius.

352 2241 400 2282 A)
426 2239 583 2271 Laertius
608 2236 693 2281 111„
708 2238 770 2270 46:
796 2236 957 2282 μαθηταὶ
984 2236 1024 2270 δ’
1050 2236 1153 2270 αὐτοῦ
1180 2238 1408 2273 Σπεύσιππος
1434 2237 1635 2279 Ἀθηναῖος,
1664 2237 1882 2281 Ξενοκράτης
1899 2237 2158 2278 Χαλκηδόνιος,
2186 2239 2415 2283 Ἀριστοτέλης
2435 2245 2677 2288 Σταγειρίτης,

126 2300 307 2336 Φίλιππος
342 2296 564 2338 Ὀπούντιος,
603 2295 783 2333 Ἑστιαῖος
822 2297 1036 2343 Περίνθιος,
1076 2297 1171 2330 Δίων
1209 2297 1448 2343 Συρακόσιος,
1483 2294 1653 2340 ’Ἄμυκλος
1690 2295 1945 2342 Ἡρακλεώτης,
1978 2295 2160 2342 Ἔραστος
2196 2298 2255 2331 καὶ
2294 2301 2472 2346 Κόρισκος
2512 2305 2679 2348 Σκήψιοι,

127 2359 310 2405 Τιμόλαος
334 2358 545 2400 Κυζικηνός,
576 2356 722 2391 Εὸαίων
748 2355 1007 2401 Λαμψακηνός,
1034 2356 1184 2389 Πείθων
1208 2357 1267 2389 καὶ
1292 2354 1523 2402 “Ηρακλει’δης
1550 2355 1683 2396 Αἴνιοι,
1708 2354 1924 2397 Ἱπποθάλης
1950 2357 2009 2388 καί
2030 2357 2238 2393 Κάλλιππος
2263 2358 2459 2400 Ἀθηναῖοι,
2486 2363 2681 2408 Δημήιριος

124 2417 389 2464 Ἀμφιπολίτης,
421 2414 654 2461 ῗΗρακλείδης
683 2414 858 2451 Ποντικός
895 2414 954 2448 καὶ
993 2413 1089 2447 ἄλλοι
1126 2415 1273 2451 πλείους.
1324 2414 1436 2454 Quem
1472 2414 1594 2450 locum,
1623 2424 1702 2446 eum
1727 2413 2038 2447 Gemaleddiniano
2070 2416 2201 2447 contuli
2227 2416 2317 2449 lectt.
2346 2418 2498 2461 Abulph.
2526 2419 2542 2451 1
2568 2431 2599 2462 p.
2624 2423 2678 2453 18,

125 2478 269 2510 Accedit
292 2487 384 2509 nunc
409 2486 427 2507 e
451 2476 590 2517 papyris
617 2474 934 2507 Herculanensibus
959 2475 1047 2506 alter
1071 2475 1167 2507 locus
1193 2475 1369 2516 scriptoris
1393 2475 1516 2506 incerti
1541 2474 1584 2505 de
1612 2474 1826 2505 successione
1853 2474 1994 2506 scholae
2021 2474 2251 2506 Academicae
2277 2477 2399 2508 misere
2425 2478 2611 2519 laceratus,
2637 2481 2679 2511 de

124 2546 194 2579 quo
225 2535 313 2568 bene
342 2539 542 2567 meruerunt
565 2533 768 2567 Leonardus
794 2531 1003 2576 Spengelius
1035 2538 1069 2565 et
1093 2533 1314 2566 Hermannus
1339 2532 1509 2575 Sauppius
1534 2533 1571 2565 in
1597 2531 1772 2574 Philologi
1798 2532 2044 2575 supplementis
2070 2532 2107 2565 11
2131 2544 2163 2576 p.
2189 2534 2255 2567 537
2280 2545 2330 2578 sq.
2350 2555 2391 2559 —-
2411 2536 2563 2571 Nomina
2587 2539 2677 2581 apud

125 2595 259 2628 Arabes
284 2597 445 2636 corrupta
468 2602 510 2624 ea
533 2597 665 2624 tantum
690 2593 876 2634 attingam,
904 2601 992 2634 quae
1018 2591 1189 2633 Casirius,
1216 2602 1318 2634 quem
1342 2597 1477 2624 secutus
1503 2596 1555 2623 est
1578 2592 1810 2632 Assemanus,
1837 2591 1933 2623 falsis
1958 2593 2179 2634 permutavit.

353 2652 401 2693 Β)
426 2652 570 2683 Proclus
606 2651 823 2683 Nithinensis
860 2652 957 2683 deest
990 2652 1082 2693 apud
1120 2650 1292 2690 Graecos3
1329 2652 1426 2683 deest
1460 2651 1551 2692 apud
1589 2651 1724 2682 Arabes
1759 2650 1941 2692 Philippus
1975 2650 2157 2693 Opuntius,
2196 2653 2255 2684 ille
2295 2655 2352 2695 qui
2378 2654 2535 2687 Platonis
2567 2656 2678 2699 Leges

125 2713 378 2754 transcripsisse
402 2717 435 2744 et
458 2711 669 2753 Epinomida
691 2712 859 2744 adiecisse
886 2711 1036 2743 traditur
1060 2712 1282 2753 (Laert.111,
1308 2711 1364 2744 36.
1391 2711 1487 2744 Suid.
1507 2722 1540 2742 v.
1560 2711 1784 2754 *aldamum
1811 2711 2059 2743 efr.B0eckh
2050 2724 2085 2744 ιιι
2099 2713 2188 2744 Plat.
2208 2714 2360 2746 Minoem
2379 2726 2411 2755 p.
2433 2716 2476 2747 73
2494 2716 2584 2758 sqq.)
2610 2716 2679 2749 Sed

124 2783 217 2816 haud
243 2782 402 2824 ambigue
427 2782 572 2824 scriptus
598 2786 650 2814 est
673 2782 709 2814 in
727 2781 888 2815 Arabicis
913 2782 1059 2815 Proclus
1088 2770 1301 2853 &shy-3
1328 2793 1367 2815 ac
1391 2782 1475 2815 mihi
1502 2782 1594 2813 visus
1618 2781 1710 2813 idem
1736 2792 1809 2814 esse
1835 2782 1926 2823 apud
1944 2783 2170 2815 Plutarchum
2195 2794 2343 2825 sy.mpos
2363 2785 2406 2824 V,
2426 2786 2458 2826 3,
2477 2787 2498 2818 3
2515 2788 2679 2831 Προκλῆς

125 2853 184 2897 (al.
212 2851 434 2902 Πατροκλῆς)
470 2851 520 2889 εἶς
555 2850 623 2887 τῶν
657 2852 695 2887 ἐν
718 2849 910 2901 Ἀκαδημίᾳ
934 2853 1148 2901 Ξενοκράτει
1180 2852 1490 2899 συσχολασάντων,
1528 2851 1642 2885 minus
1676 2850 1779 2884 dubie
1812 2850 1867 2884 hic
1900 2852 2038 2894 quidem
2074 2863 2175 2895 quam
2201 2853 2230 2886 is
2255 2854 2313 2896 qui
2338 2861 2457 2897 postea
2482 2857 2678 2890 Aristotelis

124 2913 234 2945 factus
267 2917 319 2945 est
347 2921 454 2954 gener
480 2911 588 2954 (Sext.
613 2911 712 2954 Emp.
739 2913 817 2945 adV.
843 2918 1024 2955 grammat.
1050 2914 1144 2955 258).
1195 2913 1335 2947 Certum
1369 2917 1420 2945 est
1450 2916 1565 2944 autem
1595 2922 1658 2955 pro
1691 2911 1887 2944 nominibus
1920 2913 1955 2944 in
1986 2911 2065 2954 κλῆς
2090 2913 2294 2945 exeuntibus
2327 2924 2429 2957 saepe
2462 2917 2575 2958 posita
2605 2927 2679 2949 esse

125 2972 287 3004 exeuntia
311 2971 347 3003 in
371 2969 469 3010 κλοςς
494 2981 526 3002 V.
547 2970 638 3004 Bast.
658 2978 840 3004 comment.
859 2972 1035 3014 palaeogr.
1059 2983 1092 3015 p.
1113 2973 1193 3005 717.
1243 2972 1291 3003 At
1315 2982 1378 3014 pro
1406 2960 1558 3026 0224}
1584 2971 1613 3002 si
1637 2970 1806 3002 scribatur
1833 2961 2028 3026 oehssei
2061 2971 2230 3013 adparent
2254 2973 2384 3005 indicia
2408 2976 2559 3007 nominis
2585 2977 2677 3017 quod

124 3035 176 3063 est
197 3028 414 3065 Οποόντιος.
463 3028 584 3071 Neque
609 3029 701 3062 enim
725 3039 805 3062 raro
829 3031 954 3063 accidit
972 3030 1164 3072 Arabibus,
1190 3041 1269 3064 cum
1292 3041 1356 3073 pro
1380 3030 1525 3063 ethnicis
1549 3019 1726 3062 uterentur
1750 3029 1941 3071 periphrasi
1968 3039 2055 3071 quae
2082 3036 2133 3062 est
2158 3041 2176 3063 e
2195 3031 2324 3079 populo
2350 3040 2514 3073 sequente
2540 3035 2678 3066 nomine

124 3089 212 3131 loci,
237 3090 273 3122 in
298 3089 410 3122 minus
435 3088 525 3121 notis
550 3099 612 3131 pro
638 3089 733 3122 urbis
759 3090 898 3123 nomine
923 3091 1036 3134 ipsum
1060 3090 1223 3124 ethnicon
1251 3095 1429 3134 ponerent.
1480 3089 1624 3122 Accedit
1650 3088 1741 3130 quod
1770 3088 1917 3121 alterum
1943 3089 2028 3122 illud
2054 3099 2180 3122 nomen
2206 3099 2227 3122 a
2244 3088 2379 3123 Casirio
2404 3092 2553 3133 positum
2578 3098 2611 3124 et
2635 3092 2678 3125 ab

126 3145 320 3181 Assemano
344 3152 519 3191 receptum
544 3147 684 3189 nullius,
712 3149 804 3191 quod
830 3149 969 3192 quidem
993 3150 1118 3192 sciam,
1143 3149 1237 3182 urbis
1264 3155 1325 3183 est.
1374 3148 1539 3193 Superest
1562 3154 1601 3181 ut
1624 3148 1719 3181 locus
1738 3148 1861 3181 lacuna
1877 3148 2020 3181 affectus
2038 3150 2196 3183 videatur
2213 3155 2247 3182 et
2262 3156 2403 3193 propter
2420 3151 2559 3184 iteratas
2577 3162 2676 3185 voces

125 3217 142 3238 e
167 3203 296 3251 populo
319 3206 435 3239 Procli
468 3206 681 3239 intercidisse
716 3218 841 3240 nomen
874 3210 1022 3251 patriae,
1062 3208 1205 3251 Opuntii
1236 3214 1350 3241 autem
1374 3209 1487 3251 ipsum
1510 3208 1660 3240 hominis
1685 3218 1811 3240 nomen
1837 3208 2036 3250 Philippus,
2074 3208 2325 3251 legendumque
2351 3210 2394 3241 sit
2420 3209 2565 3243 Proelia
2590 3212 2657 3251 [—

124 3262 328 3309 Philippus]
357 3262 532 3309 Opuntius.

350 3322 395 3364 0)
422 3323 584 3356 Nicolaus
597 3323 753 3356 Platonis
778 3324 966 3367 discipulus
991 3326 1131 3359 aliunde
1155 3327 1240 3359 mihi
1267 3326 1474 3368 incognitus.
1526 3325 1598 3357 Nec
1628 3315 1852 3386 ωὲμ
1879 3327 2042 3368 scriptum
2068 3333 2136 3364 est,
2163 3333 2200 3358 ut
2223 3327 2295 3358 fere
2314 3328 2396 3358 alibi
2415 3328 2513 3367 solet,
2541 3330 2675 3369 (quam-

124 3400 227 3433 quam
258 3389 333 3423 falli
365 3391 501 3425 videtur
525 3391 686 3434 Meyerus
710 3391 754 3456 ad
779 3392 893 3426 Nicol.
920 3393 962 3426 de
988 3395 1313 3438 plant.p.XV11)‚
1347 3395 1408 3428 sed
1445 3347 1912 3450 ι),,,,Ἇ,υ.υ;η1ιία.ι,(ιιιο
1937 3395 2115 3436 probabile
2140 3402 2191 3427 est
2216 3394 2394 3429 indicari'
2396 3397 2576 3440 Αμυκλον,
2617 3398 2676 3437 qui

2442 3465 2462 3496 6
