2998 3934
240 232 303 280 14

235 364 314 406 ipsa
337 374 447 407 prope
471 369 598 396 natura
620 360 814 404 inhabiles,
853 364 993 404 mirari,
1029 364 1260 396 adsuetudine
1284 364 1493 405 dedocente,
1525 365 1725 397 desivimus.
1775 364 1890 397 Huius
1914 370 2032 397 ntem
2055 364 2253 398 erroribus
2269 363 2422 398 {ortano
2444 375 2569 398 caussa
2590 365 2676 406 fnit,
2695 367 2816 409 qnod,

237 434 315 456 cum
340 422 527 456 Platonem
550 420 781 465 Pythagoreis
807 432 949 465 operam
975 422 1113 456 dedisse
1137 428 1329 464 constaret,
1355 421 1536 465 Socrates,
1561 423 1660 457 cuius
1684 421 1749 457 sub
1772 421 1925 467 persona
1936 421 2040 457 Plato
2064 422 2191 457 dooere
2213 432 2279 456 sua
2299 422 2408 465 solet,
2432 424 2470 457 in
2485 423 2646 458 Platonis
2656 422 2816 467 Timaeo,

237 491 340 524 quem
365 480 517 515 Arabico
543 481 788 524 interpretatus
816 487 869 514 est
893 481 1075 514 Honainus
1102 480 1298 523 (Wenrich.
1323 492 1356 525 p.
1386 483 1479 524 118),
1507 482 1579 526 ipse
1604 493 1641 515 se
1665 481 1862 515 docendum
1885 480 2029 524 praebet
2052 480 2187 515 homini
2212 481 2444 526 Pythagoreo.

463 540 501 581 θ)
528 539 639 571 Immo
663 540 732 571 sic:
782 538 885 572 Plato
907 549 1077 582 qenerosa
1099 542 1210 584 stirpe
1224 540 1302 582 suit
1325 540 1416 572 inter
1439 539 1552 572 domos
1579 539 1810 580 Graecorum,
1844 551 1887 572 ea:
1910 538 2007 573 domo
2031 540 2188 581 erudita,
2215 538 2412 585 potitusque
2428 540 2507 583 fidit
2531 540 2682 575 omnibus
2699 543 2816 586 parti-

236 597 295 630 bus
326 596 496 641 physicae
534 603 568 630 et
592 598 787 641 praeclara
819 597 863 631 de
893 597 1077 641 yenen‘lms
1109 598 1304 642 sapientiae
1336 598 1471 642 scripta
1503 599 1691 642 conposuit.
1737 599 1851 631 'Vides
1878 601 2108 631 Ammnnm
2133 609 2204 632 non
2228 599 2331 632 nimis
2355 597 2506 632 fideliter
2535 600 2815 643 interpretatum3

236 666 339 698 quem
365 662 481 689 tamen
507 667 578 689 non
604 656 752 697 notabo,
775 658 842 689 nisi
869 657 898 689 si
923 657 1007 698 quid
1032 657 1173 698 gravius
1199 657 1234 689 in
1259 656 1440 689 sententiis
1463 655 1661 698 neglexisse
1686 657 1869 692 videbitur.

467 715 501 758 f)
525 715 646 748 Latius
680 715 745 748 hoc
779 716 872 759 apud
900 715 1035 748 Arabes
1061 721 1288 759 pervagatum
1323 715 1407 755 fuit3
1446 714 1507 748 cfr.
1535 714 1704 749 Herbelot
1727 726 1760 749 v.
1786 716 2023 752 maschaioun.
2074 715 2167 757 Quid
2192 716 2285 759 quod
2312 716 2404 759 apud
2429 715 2756 750 Schahrastanitam
2780 716 2816 750 11

234 786 268 818 p.
298 775 363 807 137
398 775 624 807 inveniuntur
649 774 848 808 Academici
882 775 1122 818 peripatetici?
1172 774 1265 815 Quid
1301 774 1393 817 quod
1427 774 1529 806 etiam
1555 773 1664 807 Stoici
1690 775 1726 807 in
1752 775 1857 817 Hagii
1881 774 2061 818 Cbalphae
2087 775 2164 807 loco
2187 767 2279 807 Ibn'·
2290 773 2467 808 Chalduni
2492 774 2702 807 sententiam
2726 775 2815 808 refe-

234 835 343 866 rentis
368 844 424 876 ap.
443 833 528 867 silv.
556 835 598 867 de
623 834 713 876 Sacy
739 834 783 866 ad
810 834 989 866 Abdallat.
1018 845 1050 877 p.
1077 836 1169 866 242?
1220 834 1293 866 Nec
1321 834 1520 866 Academici
1546 834 1686 875 quidem
1710 834 1785 866 siue
1812 833 2021 866 auctoribus.
2072 833 2189 866 David
2214 840 2397 868 comment.
2424 835 2460 866 in
2490 834 2639 869 Aristot.
2664 840 2815 877 categor.

234 904 267 937 p.
288 893 333 926 23
352 904 404 936 sq.
423 893 477 926 ed.
504 893 670 926 Brandis:
696 890 856 939 ἕβδομος
880 894 1011 940 τρόπος
1039 891 1113 937 [τῆς
1137 893 1356 940 ἐπωνυμίας]
1385 891 1454 926 τῶν
1475 892 1568 927 κατὰ
1594 893 1814 936 φιλοσοφίαν
1839 893 2012 939 αἱρέσεων
2034 891 2056 927 ὁ
2083 891 2302 938 ὀνομασθεές
2326 892 2400 927 ἀπό
2426 902 2523 930 τινος
2539 894 2813 938 συμβεβηκότος,

235 953 286 989 οἷς
319 954 362 986 οὶ
387 953 742 999 Περιπατητικοὶ
775 952 860 987 άπό
894 952 969 987 τοῦ
994 953 1238 990 Πλάτωνος
1267 952 1377 987 κατά
1404 954 1654 998 περίπατον
1677 951 1750 995 τὴν
1776 953 2013 987 συνουσίαν
2035 952 2306 997 ποιουμένου
2330 951 2394 988 διά
2418 951 2458 988 τό
2482 950 2562 999 ἅμα
2588 952 2630 1002 τῇ
2653 952 2754 1002 ψυχῇ
2777 952 2817 989 τὸ

236 1011 340 1056 σῶμα
372 1012 573 1057 γυμνάζειν.
626 1011 700 1045 Καὶ
732 1012 803 1045 τῶν
835 1011 1043 1058 ἀνθρώπων
1075 1012 1376 1056 ἀναχωρήσαντος
1408 1011 1611 1057 διαδέχεται
1644 1011 1704 1053 τὴν
1729 1010 1858 1056 σχολήν
1883 1010 1997 1045 αὐτοῦ
2022 1012 2252 1048 Σπεύσιππός
2275 1010 2294 1045 ὁ
2323 1010 2396 1049 vide
2422 1011 2480 1055 τῆς
2507 1013 2714 1059 Πρωτοίνης
2738 1014 2816 1056 (sic)

237 1070 392 1115 α’δελᾳῆς
426 1068 485 1105 τοῦ
511 1070 709 1108 Πλάτωνος
735 1081 742 1088 ·
770 1070 832 1104 οὐκ
859 1071 1028 1116 ἐτύγχανε
1056 1069 1127 1117 γάρ
1154 1069 1341 1113 τηνικαῦτα
1365 1068 1489 1116 παρών
1514 1070 1532 1104 o‘
1549 1069 1780 1116 Ἀριστοτέλης
1806 1079 1814 1087 ·
1840 1059 2068 1116 μεταστάλεὶς
2092 1069 2162 1117 γάρ
2189 1066 2231 1113 ἦν
2254 1068 2323 1103 δπδ
2338 1070 2524 1104 Φιλίππου
2551 1072 2588 1104 ἐν
2602 1071 2816 1120 Μακεδονίᾳ

236 1130 294 1165 ἐπὶ
320 1128 358 1164 τό
382 1128 573 1165 παιδεῦσαι
599 1128 660 1163 τὸν
684 1128 761 1163 υἱόν
787 1128 898 1163 αὐτοῦ
923 1128 1148 1176 Ἀλέξανδρον
1161 1152 1469 1164 .............
1495 1130 1632 1162 ἐκεῖθεν
1656 1128 1696 1162 δὲ
1721 1128 1953 1175 eucarpi-‚cmc
1977 1128 1998 1162 ὁ
2016 1129 2248 1175 Ἀριστοτέλης
2275 1129 2483 1175 διαδέχεται
2508 1128 2573 1171 τήν
2602 1129 2734 1175 σχολήν
2757 1131 2818 1165 τοῦ

236 1190 473 1223 Σπευσίππου
498 1188 562 1222 σύν
586 1190 819 1235 Ξενοκράτει,
853 1189 914 1221 καὶ
948 1187 1202 1235 ἀμφότεροι
1233 1190 1435 1234 ἐλέγοντο
1470 1189 1824 1233 Περιπατητικοὶ
1849 1188 1925 1224 τοῖς
1949 1189 2074 1229 τόποις,
2094 1188 2326 1233 διαφέροντες
2343 1198 2351 1206 “
2371 1188 2406 1222 όι
2430 1188 2499 1233 μὲν
2524 1187 2599 1235 γάρ
2628 1190 2815 1227 ἐκαλοῦντο

235 1249 415 1282 Λύκειοι
450 1247 804 1294 Περιπατητικοὶ
845 1246 893 1282 οἷς
931 1247 1148 1288 (delendum)
1176 1248 1211 1279 ol
1236 1246 1520 1292 Ἀριστοτελικοί,
1559 1246 1628 1279 τῶν
1667 1246 1707 1280 δὲ
1734 1248 1999 1294 Ξενοκρατείων
2037 1247 2167 1286 ἐξέλιπε
2207 1246 2245 1280 τὰ
2283 1246 2347 1289 τῆς
2384 1248 2567 1293 ἐνεργείας
2606 1247 2723 1294 ὄνομα
2756 1251 2816 1284 καὶ

237 1307 424 1341 ἐκαλοῦντο
451 1306 715 1352 Ἀκαδημιακοί.
763 1306 1119 1354 1Περιπατητικοὶ
1145 1301 1209 1340 οὖν
1234 1304 1466 1339 ἐκαλοῦντο
1493 1304 1557 1349 οὐχ
1585 1303 1639 1338 ὅτι
1662 1304 1753 1339 κατά
1777 1306 1996 1350 περιπάτους
2021 1304 2227 1351 ἐξηγοῦντο,
2253 1305 2335 1340 ἀλλ’
2360 1303 2427 1340 ὅτι
2453 1305 2717 1347 διεδέξαντο
2743 1308 2818 1352 τήν

238 1364 400 1412 σχολήν
426 1365 499 1400 τοῦ
520 1366 773 1406 Πλάτωνος,
800 1361 861 1398 διά
875 1364 987 1410 μέσου
1005 1365 1250 1406 Σπευσίππου,
1276 1361 1385 1398 κατά
1408 1364 1676 1410 περιπάτους
1699 1363 1974 1410 ποιουμένου
1998 1363 2071 1402 τάς
2098 1365 2331 1410 ἐξηγήσεις.
2357 1364 2456 1397 Idem
2473 1366 2548 1398 fere
2566 1366 2610 1398 ab
2628 1369 2815 1402 Ammonio

238 1425 326 1457 tradi
361 1425 542 1457 adnotavit
568 1423 795 1457 Casaubonus
826 1424 869 1455 ad
896 1424 1072 1456 Laertium
1099 1424 1148 1463 V,
1184 1425 1216 1456 2.
1268 1423 1403 1465 Quippe
1434 1428 1616 1464 postquam
1640 1423 1807 1455 confundi
1839 1429 1962 1465 coepta
1986 1430 2039 1456 est
2063 1424 2220 1456 Platonis
2248 1423 2472 1466 philosophia
2500 1435 2577 1456 cum
2604 1427 2814 1468 Aristotelis,

236 1485 324 1516 nihil
355 1484 534 1515 adtinebat
565 1490 684 1515 vetera
713 1489 883 1515 sectarum
915 1484 1058 1514 nomina
1089 1483 1350 1521 disterminare;
1389 1488 1425 1513 ut
1454 1488 1515 1513 aut
1549 1488 1826 1523 exaequarentur
1856 1483 1947 1515 inter
1975 1494 2011 1515 se
2029 1489 2088 1515 aut
2117 1493 2259 1525 prorsus
2288 1483 2541 1517 omitterentur.
2592 1483 2816 1519 Rea-entiores

236 1545 328 1576 enim
349 1542 550 1587 philosopha*
572 1542 789 1582 nobilissimi,
815 1548 853 1574 ut
878 1542 992 1574 verbis
1018 1548 1096 1574 utar
1115 1542 1304 1583 Augustini
1331 1542 1374 1573 de
1399 1542 1490 1573 civit.
1510 1541 1565 1573 dei
1584 1541 1693 1582 VIII,
1723 1542 1785 1583 12,
1812 1540 1933 1585 quibus
1958 1541 2064 1575 Plato
2088 1541 2272 1575 sectandus
2291 1542 2444 1586 placuit,
2476 1543 2661 1577 noluerunt
2682 1555 2719 1577 se
2744 1544 2817 1578 dici

235 1602 489 1647 Peripateticos
512 1608 574 1634 aut
597 1602 840 1641 Academicos,
865 1601 928 1634 sed
950 1600 1160 1634 Platonicos.
1213 1601 1254 1634 In
1280 1601 1405 1642 quibus
1432 1601 1588 1634 nominat
1602 1601 1799 1642 Plotinum,
1826 1601 2071 1644 Iamblichum,
2098 1601 2349 1645 Porphyrium,
2377 1602 2579 1645 Apuleium.
2631 1602 2814 1637 Platonem

235 1669 352 1696 autem
378 1662 614 1695 ambulantem
642 1662 801 1694 docuisse
819 1661 949 1693 indicio
968 1667 1020 1693 est
1036 1671 1157 1692 versus
1177 1661 1338 1692 Alexidis
1356 1661 1474 1692 comici
1494 1671 1549 1703 ap.
1565 1661 1678 1693 Laert.
1698 1661 1769 1701 III,
1797 1662 1858 1693 27:
1885 1658 1959 1694 ἅνω
1978 1663 2073 1695 κάτω
2092 1673 2126 1695 τε
2144 1660 2428 1707 περιπατοῦσ’
2451 1659 2601 1707 ὥσπερ
2620 1662 2815 1698 Πλάτων.

236 1725 354 1764 Atque
387 1723 460 1764 ipse
486 1722 713 1761 Aristoteles,
748 1730 785 1754 ut
809 1722 857 1753 ait
883 1721 1055 1762 Epicurus
1081 1732 1138 1763 ap,
1158 1720 1287 1753 Athen.
1306 1720 1396 1752 VIII
1421 1731 1453 1763 p.
1473 1721 1542 1753 354
1557 1721 1594 1762 b,
1631 1720 1926 1767 ἀναπεπταμένου
1950 1720 2024 1755 τοῦ
2051 1721 2294 1758 Πλάτωνος
2320 1722 2574 1768 περιπάτου
2597 1722 2816 1768 παραβαλών

238 1781 361 1818 ἑαυτὸν
386 1782 625 1828 προσεκάθισε
651 1782 724 1817 τοῖς
741 1781 874 1825 λόγοις.
925 1780 971 1812 Et
988 1786 1130 1822 propter
1145 1779 1344 1811 Aristotelis
1363 1776 1590 1817 simultatem.
1616 1785 1653 1811 ut
1669 1779 1788 1811 scribit
1801 1779 1970 1811 Aelianus
1988 1790 2059 1811 var.
2078 1779 2198 1812 histor.
2217 1779 2291 1819 111,
2319 1781 2379 1820 19,
2406 1778 2570 1816 α’ποστάς
2593 1780 2612 1814 ὅ
2630 1783 2816 1817 Πλάτων

235 1843 295 1876 τοῦ
320 1843 385 1881 ἔξω
411 1842 654 1887 περιπάτου
677 1840 784 1872 ἔνδον
809 1839 948 1882 ἐβάδιζε
975 1836 1039 1871 συν
1064 1840 1139 1874 τοῖς
1165 1837 1329 1884 ἑταίροις.
1381 1840 1451 1872 Cfr.
1479 1839 1572 1872 lons.
1598 1839 1768 1871 dissertat.
1796 1839 1837 1871 de
1864 1839 1985 1871 histor.
2013 1840 2191 1881 peripatet.
2218 1840 2236 1881 ξ
2264 1839 2285 1871 3
2310 1850 2343 1881 p.
2362 1840 2432 1873 419
2452 1851 2503 1882 sq.
2527 1841 2579 1873 ed.
2601 1841 2766 1876 Elswich.

461 1899 502 1940 8)
530 1898 609 1930 Vox
645 1896 747 1930 ibdda
771 1898 1010 1930 adorationem
1037 1904 1071 1929 et
1095 1897 1226 1929 cultum
1254 1897 1323 1930 Dei
1350 1898 1538 1940 significat,
1578 1898 1632 1929 cui
1662 1897 1754 1939 quod
1782 1891 1963 1929 Platonem
1990 1897 2072 1929 dicit
2096 1907 2132 1929 se
2158 1898 2338 1930 devovisse
2363 1899 2418 1930 vel
2446 1899 2488 1930 ad
2519 1909 2594 1931 eam
2621 1902 2813 1941 secessisse,

235 1960 287 1992 sui
313 1958 461 1991 sortasse
487 1958 594 2001 ipsius
620 1957 838 2000 cognominis
863 1962 966 1999 atque
992 1957 1137 1998 originis
1163 1966 1306 1997 memor,
1333 1956 1367 1988 id
1393 1966 1555 1998 quorsum
1582 1957 1616 1988 in
1643 1956 1799 1988 Platonis
1826 1956 1897 1988 vita
1922 1956 2069 1989 referam
2096 1967 2166 1988 non
2191 1956 2314 1997 habeo,
2340 1963 2374 1988 et
2399 1958 2433 1989 in
2462 1960 2676 1991 recentiores
2694 1959 2813 1991 Plato-

234 2021 352 2059 nicos,
391 2017 586 2056 Plotinum,
625 2016 871 2056 Iamblichum‚
912 2016 1100 2047 Proculum
1133 2017 1248 2057 potius
1286 2025 1389 2056 quam
1422 2017 1456 2047 in
1499 2016 1611 2057 ipsum
1642 2022 1792 2048 veterem
1831 2017 1928 2047 illurn
1961 2017 2171 2048 Academiae
2207 2017 2397 2058 principem
2431 2019 2618 2050 convenire
2652 2019 2812 2051 arbitror.

234 2079 312 2112 Nisi
337 2078 438 2118 forte,
475 2077 567 2119 quod
602 2077 636 2108 in
671 2076 918 2118 posterioribus
955 2075 1103 2117 dialogis
1135 2086 1174 2107 ac
1209 2075 1392 2118 praecipue
1419 2075 1562 2107 Timaeo
1596 2077 1686 2108 inest
1718 2086 1795 2107 cum
1831 2075 1979 2116 quadam
2015 2075 2132 2107 indole
2166 2075 2343 2118 religionis
2375 2086 2415 2108 ac
2452 2077 2643 2109 divinitatis
2668 2088 2712 2110 ea
2733 2088 2813 2121 pars

235 2136 480 2181 philosophiae
513 2144 582 2177 qua
619 2134 663 2167 τά
694 2135 962 2180 θεολογούμενα
996 2135 1237 2174 continentur,
1277 2134 1357 2164 inde
1391 2140 1501 2164 ortam
1533 2135 1661 2164 dixeris
1696 2135 1786 2164 vitae
1821 2134 1999 2164 cuiusdam
2034 2135 2200 2164 asceticae
2225 2140 2328 2175 atque
2352 2135 2619 2166 anachoreticae
2647 2136 2812 2169 fabulam.
2862 2140 2865 2143 “

235 2196 403 2229 Similiter
435 2195 631 2226 Christiane
671 2204 740 2225 non
773 2193 952 2224 Platonice
992 2194 1081 2224 dixit
1112 2192 1300 2224 Gualterus
1332 2193 1491 2224 Burleius
1522 2204 1550 2224 c.
1579 2194 1622 2225 52
1656 2193 1697 2224 de
1731 2194 1801 2225 vita
1836 2203 1876 2223 ac
1909 2192 2062 2225 moribus
2093 2192 2379 2235 philosophorum
2410 2204 2450 2225 ac
2484 2184 2682 2236 poetarum:
2733 2193 2818 2227 Fuit

235 2258 376 2298 insuper
401 2254 502 2287 Plato
530 2255 700 2286 virtuosus
727 2254 760 2285 in
788 2253 1049 2294 mortificatione
1080 2251 1267 2285 libidinum.
1318 2252 1455 2284 Etenim
1480 2252 1637 2285 adhibito
1662 2253 1740 2286 loco
1765 2250 1935 2285 Macrobii
1961 2245 2145 2285 comment.
2170 2252 2205 2286 in
2232 2263 2341 2286 somn.
2360 2251 2516 2296 Scipion,
2536 2253 2571 2295 Ι,
2601 2253 2663 2295 13,
2691 2254 2710 2287 5
2737 2264 2812 2297 sqq.

236 2316 377 2357 respicit
402 2314 495 2355 quod
524 2314 624 2344 Plato
651 2314 685 2344 iu
714 2312 901 2343 Phaedone
929 2311 1011 2342 dicit
1038 2317 1183 2343 mortem
1210 2310 1534 2352 philosophantibus
1560 2311 1789 2353 adpetendam
1815 2316 1849 2344 et
1874 2311 1984 2353 ipsam
2010 2311 2264 2354 philosophiam
2291 2321 2365 2344 esse
2391 2312 2655 2345 meditationem
2681 2314 2812 2346 mortis.

238 2373 433 2416 Hesychius
462 2372 641 2411 Milesius,
674 2371 747 2404 vitt.
773 2371 916 2413 philoss.
967 2370 1123 2404 Πλάτων
1149 2370 1167 2403 ὁ
1194 2370 1390 2414 φιλόσοφος
1415 2370 1554 2416 λέγεται
1578 2369 1627 2416 μὴ
1651 2372 1772 2417 γάμον
1797 2368 1875 2404 τινά
1897 2369 1989 2415 μηδὲ
2017 2370 2161 2417 ὁμιλίαν
2186 2372 2349 2416 σώματος
2373 2371 2544 2411 καθάπαξ
2570 2370 2811 2417 ἀνασχέσθαι.

236 2436 324 2468 Item
354 2432 490 2466 Suidas.
545 2433 679 2463 Auctor
704 2429 979 2477 προλεγομένων
1004 2427 1073 2462 τῶν
1098 2427 1180 2474 περὶ
1206 2428 1265 2470 τῆς
1292 2427 1487 2464 Πλάτωνος
1512 2430 1644 2472 σοφίας
1669 2440 1696 2462 c.
1722 2432 1736 2462 1
1766 2441 1798 2473 p.
1822 2431 1885 2462 197
1913 2432 1966 2464 ed.
1993 2431 2172 2462 Hermann
2199 2430 2303 2471 (Plat.
2322 2430 2403 2461 dial.
2424 2431 2491 2462 vol.
2512 2431 2595 2473 VI):
2631 2432 2673 2465 ου’
2699 2435 2814 2478 μόνον

238 2493 277 2528 δέ
304 2491 348 2526 τά
372 2491 540 2536 ὀνείρατα
565 2488 673 2523 ταῦτα
699 2487 866 2532 δηλοῦσιν
893 2487 997 2522 αὐτόν
1023 2487 1298 2522 Ἀπολλωνιακόν
1325 2488 1426 2529 ὄντα,
1453 2487 1542 2522 «iuti
1568 2488 1628 2522 καὶ
1656 2489 1695 2523 τὸ
1720 2489 1817 2527 εἶδος
1843 2491 1900 2533 τῆς
1926 2490 2015 2533 ζωῆς
2041 2488 2146 2523 αὐτοῦ
2170 2487 2392 2534 καθαρτικόν
2419 2487 2471 2522 ὄν.

459 2550 499 2591 h)
526 2550 654 2582 Immo:
714 2546 812 2581 Vixit
853 2551 960 2579 ‹tnn'os
1001 2548 1244 2591 octoqinta5
1289 2553 1369 2579 sunt
1399 2553 1508 2579 autem
1545 2549 1606 2592 qui
1635 2560 1756 2581 unum
1788 2555 1831 2595 et
1860 2550 2085 2592 octoyinta
2117 2559 2224 2581 annos
2254 2549 2379 2581 vixisse
2413 2549 2542 2581 dicant.
2593 2549 2813 2582 Dissentiunt

235 2610 509 2643 Gemaleddinus
545 2608 603 2649 qui
638 2618 748 2639 annos
783 2617 861 2638 eum
888 2607 1050 2638 LXXXI
1085 2607 1214 2637 vixisse
1246 2606 1365 2637 scribit
1397 2613 1431 2638 et
1455 2606 1739 2650 Abulpha'ragius
1777 2610 1835 2650 qui
1871 2609 1997 2640 obiisse
2030 2619 2139 2640 annos
2173 2614 2291 2640 natum
2316 2609 2493 2649 octoginta
2518 2608 2623 2647 duos,
2662 2609 2813 2650 itemque

234 2669 495 2708 BarhebraeuS,
521 2667 613 2709 apud
639 2677 741 2708 quem
767 2672 923 2699 mortuus
950 2667 1076 2699 dicitur
1093 2666 1193 2710 filius
1220 2663 1271 2698 82
1296 2677 1458 2699 annorum
1485 2667 1506 2702 i.
1526 2677 1554 2699 e.
1577 2668 1620 2699 82
1646 2677 1756 2700 annos
1781 2675 1882 2700 natus
1908 2668 2024 2700 verius
2050 2677 2154 2709 quam
2171 2676 2264 2699 anno
2281 2666 2402 2698 aetatis
2422 2666 2477 2699 82.
2530 2666 2635 2708 Apud
2654 2672 2812 2699 auctores

235 2729 389 2762 Graecos
407 2728 621 2768 Latinosque
648 2726 768 2758 eadem
795 2725 1066 2766 deprehenditur
1091 2725 1204 2758 famae
1231 2725 1389 2757 varietas.
1440 2726 1546 2759 Velut
1570 2737 1640 2759 uno
1666 2732 1699 2759 et
1723 2727 1933 2769 octogesimo
1956 2736 2049 2759 auno
2067 2731 2241 2758 mortuum
2258 2724 2343 2757 dicit
2358 2724 2482 2757 Cicero
2503 2725 2545 2757 de
2565 2730 2694 2757 senect.
2714 2725 2747 2766 5,
2768 2725 2810 2757 13

236 2796 269 2819 et
293 2788 506 2819 Censorinus
532 2786 574 2816 de
599 2786 655 2816 die
682 2786 789 2816 natali
820 2785 874 2824 15,
902 2786 921 2815 2
949 2791 992 2824 et,
1018 2785 1076 2825 qui
1102 2783 1247 2815 testibus
1273 2783 1541 2816 Aldobrandino
1566 2792 1600 2817 et
1629 2786 1791 2827 Menagio
1816 2786 1859 2817 ad
1878 2786 1992 2817 Laert.
2011 2785 2078 2824 ΙΙΙ,
2105 2785 2126 2816 3
2153 2784 2355 2816 Ciceronem
2380 2785 2547 2825 sequitur,
2576 2784 2810 2826 Hieronymus

234 2849 270 2878 in
296 2846 445 2887 epistola
468 2845 512 2875 ad
538 2844 773 2885 Nepotianum
799 2844 841 2875 de
869 2844 941 2875 vita
966 2843 1183 2875 clericorum.
1234 2843 1360 2875 Annos
1384 2842 1511 2875 vixisse
1538 2854 1643 2876 unum
1669 2849 1703 2876 et
1727 2844 1905 2886 octoginta
1917 2844 2077 2877 Laertius
2102 2842 2177 2884 ΙΙΙ,
2204 2843 2235 2875 3.
2287 2843 2421 2875 Auctor
2442 2840 2515 2877 τῶν
2531 2841 2814 2889 προλεγομένων

236 2917 264 2938 c.
285 2905 305 2937 6
332 2916 365 2946 p.
386 2905 466 2936 201.
517 2901 653 2936 Seneca
687 2902 785 2945 epist.
815 2903 858 2937 58
887 2901 973 2944 (VI,
1003 2902 1043 2943 6,
1071 2902 1143 2942 27).
1194 2901 1369 2934 Lucianus
1395 2902 1437 2945 (Ρ)
1464 2901 1614 2935 macrob.
1635 2903 1691 2935 21.
1742 2902 1959 2945 Augustinus
1993 2902 2086 2935 civit.
2103 2901 2168 2933 vdei
2194 2900 2301 2942 VIII,
2329 2902 2384 2936 11.
2437 2899 2607 2933 Senecam
2632 2901 2816 2943 exscripsit

236 2963 408 2996 Burleius.
460 2961 584 2994 Altero
610 2967 643 2994 et
670 2961 883 3004 octogesimo
908 2970 1001 2993 anno
1028 2960 1215 2993 decessisse
1231 2960 1392 2992 Valerius
1407 2960 1580 2992 Maximus
1600 2961 1706 3002 VIII,
1734 2962 1775 3002 7,
1801 2967 1870 2993 ext.
1894 2962 1926 2993 3.
1977 2961 2075 2992 Duos
2095 2967 2128 2991 et
2145 2960 2323 3001 octoginta
2339 2969 2449 2990 annos
2469 2960 2597 2990 vixisse
2610 2959 2814 2990 Athenaeus

236 3023 267 3054 V
293 3033 326 3065 p.
354 3021 458 3053 217b
491 3026 524 3053 et
558 3031 636 3052 cum
670 3021 827 3053 Eudocia
860 3020 986 3053 Suidas
1018 3031 1049 3054 v.
1077 3021 1244 3053 Πλάτων.
1302 3020 1486 3061 Singulare
1517 3026 1569 3051 est
1599 3021 1693 3061 quod
1727 3021 1818 3062 apud
1849 3021 2027 3051 Laertium
2052 3019 2127 3057 111,
2153 3019 2175 3050 3
2206 3018 2382 3049 scribitur:
2433 3020 2601 3059 Νεάνθης
2633 3018 2674 3051 δέ
2706 3028 2815 3061 φησιν

237 3081 341 3116 αὐτόν
376 3079 598 3128 τεττάρων
630 3081 692 3113 καὶ
719 3080 940 3126 ὀγδοήκοντα
964 3080 1158 3121 τελευτῆσαι
1183 3078 1290 3112 {tuive
1326 3079 1383 3110 ubi
1410 3080 1569 3121 equidem
1595 3081 1769 3126 τεττάρων
1794 3080 1959 3121 scriptum
1984 3085 2068 3121 puto
2094 3088 2157 3119 pro
2183 3076 2216 3110 δ’
2240 3077 2344 3118 idque
2370 3077 2452 3109 olim
2480 3077 2563 3110 vitio
2588 3077 2717 3110 lectum
2745 3085 2810 3118 pro

236 3143 282 3175 δυ
307 3143 328 3173 i.
357 3152 385 3172 e.
413 3140 490 3173 δύο
519 3142 572 3172 vel
601 3141 736 3174 δυοῖν.
787 3141 874 3173 Rem
899 3141 1009 3181 ipsam
1036 3140 1230 3180 disceptare
1256 3150 1325 3170 non
1354 3145 1460 3171 vacat.
1512 3138 1714 3171 Certissima
1740 3150 1859 3171 eorum
1884 3139 1970 3171 fides
1996 3148 2070 3170 esse
2096 3137 2249 3178 videtur,
2276 3137 2333 3178 qui
2351 3147 2443 3170 anno
2462 3147 2532 3170 uno
2551 3142 2585 3169 et
2603 3134 2814 3177 octogesimo

236 3203 363 3235 obiisse
390 3203 612 3243 scripserunt.

465 3260 498 3302 ἰ)
524 3258 722 3291 Verborum
763 3257 916 3291 flosculis
955 3257 1366 3301 captandis‘sententiae
1402 3262 1535 3299 partem
1572 3256 1785 3289 Assemanus
1821 3255 2067 3299 pessumdedit.
2119 3255 2216 3287 Dicit
2253 3254 2437 3286 Honainus
2480 3254 2663 3286 Platonem
2700 3253 2813 3295 primo

236 3327 390 3361 tempore
420 3329 457 3350 se
492 3318 664 3350 dedidisse
697 3318 762 3349 arti
787 3318 962 3358 poeticae,
1001 3316 1127 3348 deinde
1152 3326 1229 3348 cum
1255 3315 1435 3348 Socratem
1459 3316 1612 3348 audisset
1636 3316 1946 3357 reprehendentem
1972 3324 2047 3347 eam
2074 3320 2184 3347 artem
2208 3314 2350 3355 eiusque
2375 3318 2584 3352 sectatores,
2626 3311 2749 3344 relicta
2772 3321 2816 3343 ea

234 3379 400 3412 “ausisse
425 3379 469 3411 ad
494 3377 706 3410 audiendum
732 3376 980 3419 Pythagoram.
1031 3375 1085 3408 De
1111 3375 1256 3408 Socrate
1280 3380 1389 3407 artem
1414 3375 1584 3418 poeticam
1610 3373 1796 3407 damnante
1820 3373 1913 3417 quod
1939 3383 2017 3406 eum
2041 3373 2150 3406 secuti
2173 3371 2330 3405 scribunt
2346 3370 2620 3405 Gemaleddinus
2645 3376 2680 3404 et
2699 3369 2811 3402 Abul-

234 3436 422 3481 pharagius
455 3435 717 3476 Barhebraeus,
750 3445 768 3466 e
803 3434 959 3466 Platonis
987 3435 1115 3466 Politia
1148 3434 1334 3466 confictum
1375 3434 1528 3473 videtur,
1562 3442 1665 3474 quam
1698 3434 1734 3464 in
1768 3433 1959 3465 Arabicum
1993 3438 2213 3464 converterat
2236 3432 2429 3464 Honainus.
2481 3430 2639 3461 Laertius
2664 3428 2740 3468 ΙΙΙ,
2771 3428 2811 3459 5:
