2998 3934
2672 215 2729 260 15

172 354 292 386 {nura
314 351 437 395 μέντοι
460 348 603 394 μέλλων
623 347 860 393 ἀγυνιιῖσθαι
886 346 1072 392 τραγῳδίᾳ
1096 345 1168 391 πρὸ
1182 345 1251 381 ’τοῦ
1274 346 1681 391 Αιονυσιακοῦιθιάῐρου
1699 349 1910 391 Σωκράτους
1934 348 2087 382 &enimc
2112 348 2297 388 κατέφ-λιξε
2324 347 2367 380 πὶ
2391 350 2581 392 ποιήματα,
2609 349 2732 388 εἶπόν,

165 409 357 455 “livescam
381 405 532 456 πρόμολ’
549 399 621 441 ὦδε
646 406 803 441 Πλάτων
827 407 868 440 νύ
893 417 925 439 τι
949 406 1024 440 σοῖο
1046 406 1186 450 χατίζει
1202 406 1258 448 (ΙΙ.
1273 408 1317 447 Σ,
1336 406 1420 450 392)
1437 416 1446 423 ·
1461 404 1669 440 mame-‘m
1687 404 1731 448 δή
1748 407 1917 451 γεγονώς,
1944 407 2067 447 quain,
2095 406 2227 440 εἴκοσιν
2245 406 2302 449 ἓν,
2319 406 2483 448 διήκουσε
2501 409 2728 453 Σωκράτους.

172 469 314 501 Socrate
337 472 474 499 mor-mo
496 466 755 509 duodetriginta
777 475 888 497 annos
913 470 1032 496 natum
1056 469 1176 497 narrat
1199 464 1344 507 Megara
1366 474 1445 496 cum
1469 465 1546 497 aliis
1571 465 1775 507 quibusdam
1801 464 1987 497 Socraticis
2012 466 2173 505 cessisse,
2201 466 2282 497 inde
2301 465 2461 508 Cyrenen
2489 475 2525 498 se
2544 466 2730 498 contulisse

171 527 215 561 ad
232 524 465 560 ‹Theodorum
496 525 795 564 mathematicum,
831 524 921 559 inde
936 524 973 555 in
997 523 1142 556 Italiam*
1159 524 1205 556 ad
1230 523 1485 566 Pythagoricos
1511 523 1709 555 Philolaum
1737 531 1771 556 et
1797 524 1977 566 Eurytum.
2028 523 2297 566 olympiodorus
2322 525 2383 556 vit.
2409 524 2498 557 Plat.
2525 536 2556 566 p.
2588 526 2653 557 192
2679 526 2731 557 ed.

174 585 370 619 Hermann:
396 583 535 626 ἐποίησε
560 582 601 618 δὲ
623 581 686 616 καὶ
709 581 862 629 τραγικὰ
884 582 1066 627 ποιήματα
1087 581 1148 615 καὶ
1173 579 1421 627 διθυραμβικὰ
1443 580 1506 615 καὶ
1529 580 1620 615 ἄλλα
1644 582 1741 622 τινά,
1767 580 1859 627 ὅπερ
1877 583 1993 615 πάντα
2020 583 2207 617 κατέκαυσε
2228 582 2285 624 τῆς
2312 584 2526 627 Σωκράτους
2549 583 2733 628 πειραθεὶς

174 640 372 689 διατριβῆς,
407 643 520 677 εἶπόν
542 652 578 675 τι
602 639 763 676 τοιοῦτον
785 641 881 677 ἔπος·
923 637 1102 682 ’Ἥφαιστε
1126 637 1196 673 nri.
1245 640 1379 672 Auctor
1402 640 1674 683 prolegomenon
1700 651 1732 683 p.
1762 641 1828 673 199
1853 641 2023 676 similiter.
2073 640 2242 682 Apuleius
2267 641 2310 673 de
2336 641 2496 683 dogmate
2521 641 2678 673 Platonis
2704 640 2732 679 1,

173 704 194 736 2
218 711 269 743 eq.
293 701 415 734 iisdem
439 700 563 744 quibus
587 700 746 732 Laertius
771 699 924 741 vestigiis
950 698 1083 731 institit.
1134 698 1226 730 Add.
1246 698 1384 730 Aelian.
1411 708 1483 731 var.
1510 699 1628 731 histor.
1654 691 1709 739 11,
1736 698 1792 731 30.
1842 699 1999 731 Eustath.
2025 699 2068 730 ad
2095 699 2141 731 11.
2169 702 2218 739 Σ,
2246 699 2325 731 392.
2378 698 2432 730 De
2458 698 2613 731 Socratis
2640 700 2731 741 apud

175 760 309 793 Arabes
339 771 417 794 cum
448 759 650 802 Pythagora
682 759 927 791 commixtione
962 767 1065 799 quam
1096 767 1186 789 unus
1217 756 1275 789 hic
1305 756 1427 798 effugit
1459 756 1749 798 Gemaleddinus,
1788 759 1856 789 iam
1889 764 1969 790 ante
2003 759 2132 790 dictum
2166 765 2216 790 est
2240 769 2274 790 n.
2301 759 2333 790 d.
2369 776 2410 781 —
2448 759 2543 790 Anni
2571 759 2616 790 50
2641 759 2730 800 apud

174 819 475 862 Abulpharagium
499 817 761 851 Barhebraeum
788 828 832 853 ne
863 816 996 848 librarii
1021 816 1143 858 culpae
1172 815 1289 848 deberi
1315 815 1515 856 videantur,
1546 816 1709 858 prohibet
1732 817 1822 848 idem
1855 827 2018 848 numerus
2043 817 2135 848 infra
2160 817 2263 848 etiam
2287 817 2331 848 ab
2358 817 2519 848 Honaino
2545 818 2675 858 positus
2701 824 2733 848 et

173 878 264 921 apud
287 884 471 920 utrumque
487 875 647 910 omnibus
672 877 796 910 litteris
820 876 977 918 scriptus.
1027 873 1097 908 Sed
1122 880 1236 907 tamen
1261 874 1423 906 librarius
1446 874 1572 917 aliquis
1597 876 1633 908 in
1658 875 1761 917 culpa
1783 875 1859 916 fuit,
1885 885 1907 907 a
1930 886 1999 917 quo
2027 881 2079 908 est
2103 875 2265 908 denarius
2290 886 2453 908 numerus
2479 877 2527 908 ita
2552 882 2732 918 corruptus

172 937 209 972 in
234 935 586 981 quinquagenarium,
619 941 658 969 nt
680 935 762 970 Nun
787 935 938 969 litteram
962 933 1129 968 scriberet
1158 944 1221 977 pro
1245 933 1310 967 Iud
1334 926 1479 977 Syriaca
1503 935 1557 968 vel
1584 935 1622 969 Ie
1648 934 1819 976 Arabica,
1854 946 2000 977 quarum
2024 936 2059 968 in
2086 942 2230 977 utraque
2257 935 2449 967 litteratura
2474 936 2657 968 discrimen
2683 943 2735 968 est

173 1002 348 1040 pertenue,
374 1001 409 1027 et
433 994 557 1037 quibus
582 995 689 1028 iidem
714 996 771 1038 qui
798 994 941 1027 Graecis
967 993 1045 1026 Iota
1068 999 1102 1026 et
1126 993 1183 1036 Ny
1207 994 1340 1026 numeri
1365 999 1539 1027 notantur.
1590 995 1710 1027 Fidem
1735 994 1817 1026 facit
1842 1000 1961 1026 auctor
1985 994 2256 1037 prolegomenon
2284 1005 2314 1036 p.
2338 995 2422 1026 199:
2453 995 2544 1040 μιτά
2567 994 2606 1028 δὲ
2633 994 2732 1028 τοῦτο

175 1056 335 1099 atq-oium
360 1054 546 1098 Σωκράτει
570 1053 630 1086 καὶ
657 1053 745 1087 δέκα
768 1054 827 1096 ἔτη
851 1043 935 1098 πάρ’
960 1051 1053 1099 αὐτῷ
1077 1053 1241 1094 ἐποίησεν
1266 1051 1390 1095 ἠθικήν
1414 1052 1634 1097 φιλοσοφίαν
1660 1054 1832 1099 ἐκμαθεῖν
1857 1054 2081 1098 βουλόμενος.
2142 1052 2210 1085 Ubi
2237 1053 2364 1084 nollem
2392 1053 2613 1085 Hermannus
2639 1061 2672 1085 et
2696 1054 2731 1085 in

174 1113 324 1146 editione
355 1111 541 1144 Parisiensi
569 1112 855 1145 Westermannus
885 1113 1102 1154 scripsissent
1133 1111 1219 1145 δέκα
1251 1122 1314 1153 pro
1341 1113 1374 1151 ι’,
1409 1113 1500 1153 quod
1525 1113 1638 1154 ipsum
1671 1123 1732 1153 per
1765 1114 1954 1143 itacismum
1980 1118 2098 1143 natum
2125 1118 2176 1143 est
2201 1122 2242 1142 ex
2271 1113 2308 1152 η’,
2348 1122 2417 1153 quo
2444 1123 2544 1143 verus
2569 1123 2731 1143 numerus

173 1173 373 1213 denotatur,
398 1182 470 1204 non
493 1171 553 1204 ille
577 1179 691 1205 tamen
716 1172 916 1205 inferendus
940 1172 1195 1215 prolegomenis
1212 1172 1364 1204 Honaini
1390 1179 1424 1205 et
1438 1172 1691 1215 Abulpharagii
1709 1171 1918 1203 Barhebraei
1944 1181 2074 1203 caussa.
2104 1190 2143 1195 --
2173 1170 2457 1203 Schahrastanita
2483 1171 2517 1202 11
2544 1183 2575 1213 p.
2598 1173 2661 1203 117
2681 1182 2729 1213 sq.

173 1231 256 1263 dicit
280 1229 462 1262 Platonem
494 1231 666 1272 accepisse
699 1231 891 1263 doctrinam
922 1240 944 1263 a
967 1230 1110 1263 Socrate
1143 1236 1177 1262 et
1202 1230 1345 1263 Timaeo
1379 1238 1413 1263 et
1436 1231 1569 1263 duobus
1595 1230 1804 1272 hospitibus,
1841 1230 1950 1262 altero
1976 1230 2201 1269 Atheniensi,
2240 1230 2349 1261 altero
2375 1230 2541 1261 Eleatico.
2592 1230 2731 1261 Scilicet

172 1288 354 1331 magistros
372 1287 529 1322 Platonis
553 1288 636 1321 facit
660 1299 737 1330 eos,
763 1299 909 1331 qnorum
935 1289 1092 1331 personis
1117 1299 1199 1321 usus
1223 1297 1276 1322 est
1291 1288 1393 1322 Plato
1417 1290 1450 1322 in
1477 1289 1624 1331 dialogis
1648 1289 1691 1321 ad
1717 1299 1813 1321 suam
1831 1289 2033 1321 sententiam
2051 1288 2365 1328 demonstrandam,
2392 1294 2425 1320 et
2442 1288 2577 1330 hospite
2594 1288 2731 1329 quidem

173 1347 378 1380 Atheniensi
402 1348 437 1379 in
462 1347 632 1390 Legibus,
662 1348 818 1380 Eleatico
849 1348 884 1380 in
902 1347 1083 1391 ¹Sophista
1113 1354 1147 1380 et
1177 1348 1345 1386 Politi00;
1383 1355 1420 1380 ut
1449 1354 1596 1391 nugatus
1629 1349 1691 1388 sit,
1730 1348 1885 1390 quisquis
1917 1347 2000 1388 fuit,
2038 1348 2095 1389 qui
2123 1346 2393 1389 Xenophontem
2419 1354 2452 1378 et
2480 1346 2730 1389 Xenophanem

173 1406 361 1447 significari
387 1406 656 1439 Haarbri'ickero
681 1408 870 1449 persuasit,
902 1408 957 1438 vel
991 1408 1033 1438 de
1067 1406 1209 1449 Cratylo
1242 1413 1276 1438 et
1307 1408 1525 1449 Hermogene
1550 1408 1772 1449 cogitandum
1798 1418 1872 1438 esse
1898 1413 2038 1449 propter
2063 1407 2191 1437 Laertii
2225 1407 2338 1441 locum
2366 1406 2438 1445 111,
2466 1407 2504 1445 6,
2540 1416 2642 1447 quem
2668 1416 2731 1448 ego

172 1464 349 1497 semidocti
373 1465 552 1498 cuiusdam
575 1466 819 1498 additamentis
844 1466 1075 1499 adulteratum
1103 1477 1176 1499 esse
1202 1466 1284 1498 olim
1310 1466 1412 1499 docui
1437 1467 1471 1498 in
1497 1466 1754 1499 Schneidewini
1780 1466 1968 1507 Philologo
1993 1466 2010 1497 I
2036 1477 2066 1507 p.
2087 1466 2157 1498 654
2182 1476 2256 1506 sqq.

390 1522 433 1565 Ιί)
459 1522 658 1557 Omiserunt
691 1524 872 1558 Honainus
906 1531 939 1558 et
972 1523 1243 1558 Gemaleddinus
1276 1524 1459 1568 Speusippi
1491 1526 1719 1566 mentionem,
1760 1526 1794 1557 in
1838 1535 1906 1567 qua
1941 1525 2195 1566 diligentiorem
2231 1535 2265 1556 se
2300 1524 2457 1566 praebuit
2491 1523 2731 1556 Barhebraens

173 1580 465 1625 Abulpharagius.
515 1581 570 1615 De
594 1584 705 1626 patrui
731 1583 805 1617 filio
829 1594 980 1617 errorem
1006 1590 1124 1617 natum
1149 1585 1305 1628 suspicor
1329 1594 1372 1617 ex
1399 1585 1600 1618 confusione
1623 1583 1837 1618 Graecorum
1864 1584 2112 1617 vocabulorum
2140 1581 2337 1623 (ἑὼλσμδοῦ
2362 1590 2395 1616 et
2422 1581 2579 1624 α’νεψιοῡ
2604 1583 2669 1623 vel,
2696 1583 2729 1615 in

173 1650 241 1683 quo
258 1641 362 1672 etiam
378 1640 514 1673 facilius
533 1646 607 1673 erat
624 1652 751 1683 errare,
781 1642 837 1677 τοῦ
855 1643 890 1683 ἐξ
913 1642 1067 1687 ἀδελφῆς
1085 1643 1137 1686 (ut
1153 1653 1207 1686 ap.
1226 1643 1353 1676 Euseb.
1372 1653 1487 1686 praep.
1507 1654 1630 1685 euang.
1650 1644 1751 1684 XIV,
1770 1645 1803 1683 4,
1828 1645 1884 1685 14)
1903 1649 1937 1675 et
1956 1643 2160 1685 ἐξαδέλφου.
2212 1643 2284 1675 Cfr.
2305 1642 2460 1674 Lobeck.
2479 1643 2521 1674 ad
2540 1641 2728 1684 Phrynich.

114 1718 124 1722 -
172 1709 204 1741 p·
223 1698 303 1732 306.
338 1698 462 1731 Nauck
480 1700 660 1743 Aristoph.
686 1701 831 1744 Byzant.
856 1714 889 1745 p.
911 1703 976 1735 143
1002 1713 1076 1745 sqq.
1127 1702 1251 1736 Thom.
1283 1703 1423 1745 Magist.
1449 1704 1557 1746 eclog.
1582 1714 1613 1738 V.
1641 1704 1745 1745 τίθην
1768 1714 1800 1746 p.
1821 1704 1886 1736 361
1915 1703 1967 1735 ed.
1996 1702 2138 1735 Ritschl.
2191 1702 2306 1734 Tzetz.
2333 1702 2414 1736 chii,
2435 1703 2479 1742 X,
2508 1703 2574 1734 875
2594 1712 2667 1744 sqq.
2688 1720 2724 1725 —

105 1789 110 1796 ,
172 1757 360 1800 Epicurum
386 1758 542 1791 Platonis
568 1760 774 1803 discipulum
800 1762 962 1803 expediat
987 1763 1044 1803 qui
1072 1762 1207 1804 poterit.
1259 1762 1399 1793 Dixeris
1424 1761 1604 1794 Platonem
1630 1754 1811 1794 confusum
1837 1773 1913 1794 eum
1939 1762 2109 1803 discipulo
2135 1772 2197 1792 suo
2225 1761 2440 1800 Xenocrate,
2467 1762 2563 1792 cuius
2591 1760 2728 1801 quidam

171 1816 344 1849 faciebant
360 1817 549 1859 Epicurum
573 1819 649 1862 ipso
673 1820 812 1853 nolente
837 1820 1041 1858 auditorem
1066 1821 1180 1853 Laert.
1200 1821 1246 1862 X,
1274 1823 1305 1853 1.
1327 1821 1379 1853 13.
1430 1821 1555 1855 Euseb.
1573 1832 1689 1864 praep.
1718 1832 1839 1864 euang.
1861 1822 1961 1862 XIV,
1990 1824 2045 1862 20,
2076 1823 2130 1853 10.
2181 1820 2302 1853 Cicero
2329 1828 2397 1853 nat.
2419 1821 2514 1854 deor.
2543 1820 2569 1859 I,
2591 1820 2646 1859 26,
2676 1821 2728 1850 72.

171 1875 240 1907 Sed
266 1876 385 1908 dubito
409 1887 454 1908 an
480 1878 592 1909 minus
618 1878 717 1910 docte
742 1885 892 1910 erratum
916 1880 968 1911 sit.
1020 1879 1201 1911 Platonem
1227 1879 1409 1921 quemdam
1435 1880 1643 1921 Epicureum
1668 1880 1774 1912 habes
1799 1881 1889 1922 apud
1917 1880 2121 1912 Ciceronem
2147 1881 2244 1922 epist.
2271 1880 2314 1911 ad
2341 1879 2382 1918 Q.
2410 1879 2505 1910 fratr.
2534 1879 2561 1918 1,
2592 1880 2623 1917 2,
2651 1879 2681 1909 3.

399 1935 430 1978 ¹)
456 1936 520 1968 Est
553 1937 608 1968 hic
642 1938 795 1969 Honaini
828 1939 919 1969 filius
952 1939 1108 1978 Isaacus,
1146 1939 1242 1969 cuius
1275 1939 1318 1969 de
1353 1938 1423 1969 vita
1455 1938 1515 1969 cfr.
1542 1938 1665 1980 Fliigel
1699 1940 1740 1969 de
1769 1939 1876 1970 Arab.
1910 1940 2026 1980 script.
2054 1937 2178 1970 Graec.
2204 1939 2347 1980 interpr.
2374 1949 2405 1979 p.
2431 1938 2471 1969 16
2498 1948 2547 1978 sq.
2575 1944 2607 1968 et
2639 1937 2729 1978 apud

171 1993 354 2026 Erschium
389 2000 423 2026 et
453 1994 650 2028 Gruberum
684 1996 737 2036 11,
772 1999 814 2029 10
841 2009 873 2039 p.
899 1998 978 2030 355.
1030 1997 1248 2030 Wiistenfeld
1283 1997 1391 2029 Arab.
1423 1999 1549 2029 Aerzte
1581 2009 1613 2039 p.
1629 1984 1694 2030 ⁸29.
1744 1998 2118 2040 Hammer-Purgstall
2153 1997 2228 2031 LG.
2264 1999 2295 2029 d.
2324 2000 2385 2029 Ar.
2420 1998 2469 2028 lv
2499 2008 2530 2038 p.
2558 1998 2625 2028 353
2655 2007 2730 2037 sqq.

172 2051 298 2085 Reiske
322 2053 366 2085 ad
393 2053 572 2088 Herbelot.
599 2066 631 2088 v.
658 2055 809 2089 Honain.
860 2056 953 2088 Weil
978 2054 1105 2089 Gesch.
1131 2056 1164 2089 d.
1191 2056 1352 2089 Chalifen
1378 2068 1410 2099 p.
1431 2058 1496 2089 282
1523 2067 1599 2099 sqq.
1626 2058 1704 2091 371.
1756 2056 1861 2089 Gartz
1887 2057 1928 2089 de
1955 2058 2096 2100 interpr.
2116 2057 2215 2089 Eucl.
2234 2068 2267 2099 p.
2288 2058 2330 2088 27
2358 2066 2391 2088 et
2417 2067 2470 2098 ap.
2491 2056 2530 2089 E.
2551 2064 2582 2087 et
2602 2054 2662 2087 Gr.
2682 2055 2728 2095 11,

175 2112 216 2143 10
241 2122 274 2152 p.
294 2112 373 2145 354.
426 2112 537 2144 Buhle
565 2115 709 2147 Aristot.
736 2126 814 2155 opp.
841 2115 858 2146 I
884 2127 915 2155 p.
936 2116 1003 2147 325
1030 2126 1080 2155 sq.
1129 2115 1299 2156 Sprengel
1324 2114 1449 2147 Gesch.
1476 2117 1508 2147 d.
1526 2117 1705 2157 Arzneyk,
1731 2117 1767 2147 11
1793 2128 1824 2157 p.
1846 2118 1925 2149 378.
1978 2117 2058 2147 Fuit
2082 2117 2234 2146 medicus
2264 2123 2296 2146 et
2324 2117 2493 2155 interpres
2520 2116 2729 2144 clarissimus

171 2175 205 2201 et
237 2169 273 2202 in
306 2170 478 2213 regenda,
518 2178 555 2205 ut
588 2172 636 2205 ita
667 2173 798 2214 dicam,
836 2175 1060 2215 interpretum
1091 2173 1210 2206 schola
1242 2174 1349 2216 patris
1382 2185 1568 2207 successor.
1619 2175 1731 2207 Vertit
1762 2175 1918 2207 Platonis
1951 2175 2149 2217 Sophistam
2184 2175 2319 2215 (Wenr.
2346 2186 2378 2215 p.
2402 2174 2499 2214 121),
2536 2172 2661 2205 Galeni
2694 2174 2728 2204 in

172 2228 326 2263 Platonis
359 2230 539 2264 Timaeum
577 2233 900 2266 commentariorum
941 2232 1047 2266 libros
1085 2238 1154 2266 tres
1198 2238 1371 2266 extremos
1403 2233 1537 2277 (Wenr.
1563 2244 1596 2277 p.
1625 2234 1729 2278 258),
1769 2226 2053 2267 commentarium
2088 2234 2247 2267 Platonis
2290 2233 2476 2267 secundum
2512 2232 2729 2265 Macidorum

172 2288 308 2330 (Flfigel
335 2291 377 2321 de
402 2292 548 2333 interpp.
576 2302 607 2333 p.
631 2292 687 2334 17)
713 2293 735 2324 i.
763 2303 791 2324 e.
819 2292 1058 2335 Olympiodori
1082 2293 1118 2325 in
1143 2293 1295 2335 aliquem
1312 2293 1468 2326 Platonis
1492 2294 1668 2336 dialogum
1692 2294 1956 2326 commentarios
1984 2294 2073 2336 (lect.
2095 2294 2288 2336 Abulphar.
2308 2293 2324 2325 I
2350 2303 2382 2335 p.
2403 2294 2458 2325 ⁶24.
2486 2292 2555 2334 35).
2585 2292 2729 2333 Reliqua

171 2348 235 2379 viri
269 2349 382 2380 studia
413 2350 456 2381 ad
482 2350 707 2381 Aristotelem
738 2351 879 2392 eiusque
910 2352 1112 2393 interpretes
1147 2349 1317 2392 Graecos,
1350 2352 1394 2383 ad
1428 2350 1617 2393 Galenum,
1654 2353 1697 2384 ad
1732 2353 1991 2384 mathematicos
2016 2352 2168 2384 Graecos
2202 2353 2450 2396 pertinuerunt.
2508 2351 2602 2382 Obiit
2640 2362 2731 2382 anno

171 2407 247 2446 heg.
268 2407 334 2438 298
362 2408 561 2448 (910—911
592 2410 689 2451 Chr.)
739 2411 908 2441 Incohata
932 2421 953 2441 a
976 2417 1072 2452 patre
1096 2412 1260 2452 perfecit,
1286 2418 1399 2442 errata
1425 2412 1636 2452 emendavit,
1663 2413 1790 2443 omissa
1815 2413 1997 2453 supplevit.
2048 2412 2101 2443 Ita
2118 2412 2206 2442 hanc
2234 2421 2372 2452 quoque
2391 2412 2576 2442 inseruisse
2597 2411 2730 2441 videtur

171 2464 447 2506 adnotationem,
473 2473 511 2499 ut
536 2469 642 2509 patris
668 2469 710 2499 de
735 2469 891 2501 Platonis
917 2470 1080 2511 magistro
1106 2481 1258 2501 errorem
1283 2471 1481 2512 corrigeret.
1529 2469 1627 2509 Quae
1651 2471 1742 2501 enim
1768 2477 1959 2512 sequuntur
1976 2480 1997 2501 a
2015 2470 2128 2501 verbis
2147 2470 2300 2514 diemque
2317 2470 2466 2501 ultimum
2486 2469 2571 2500 nihil
2591 2478 2729 2500 necesse

171 2531 222 2555 est
246 2525 281 2557 in
308 2527 463 2558 oratione
488 2528 641 2559 Arabica
666 2529 894 2570 suspendere,
921 2534 957 2560 ut
981 2529 1064 2560 fecit
1086 2530 1256 2571 interpres
1283 2531 1511 2569 Assemanus,
1545 2531 1588 2561 ab
1615 2531 1685 2561 illis
1711 2532 1765 2562 ait
1786 2530 1899 2562 Isaac.
1951 2530 2106 2572 Simplex
2133 2541 2259 2562 nomen
2289 2530 2453 2561 indicium
2480 2537 2530 2560 est
2557 2529 2597 2559 de
2624 2536 2731 2559 semet

172 2583 245 2624 ipso
272 2583 455 2625 loquentis.

381 2642 432 2687 ¹¹¹)
458 2644 583 2685 Error,
609 2645 843 2687 cuiuscunque
869 2654 936 2687 est,
962 2646 1042 2678 inde
1069 2652 1169 2678 natus
1195 2647 1330 2679 videtur
1355 2658 1446 2688 esse,
1473 2648 1565 2690 quod
1591 2658 1660 2691 quo
1685 2659 1777 2680 anno
1803 2647 1889 2680 obiit
1906 2648 2029 2688 Plato,
2059 2648 2179 2680 eodem
2197 2648 2325 2680 relictis
2347 2647 2399 2678 vel
2418 2653 2558 2690 propter
2577 2645 2729 2688 magistri

170 2707 314 2732 mortem
340 2703 487 2735 Athenis
519 2686 574 2735 ve¹l
607 2711 748 2747 propter
781 2706 1009 2737 exardescens
1035 2706 1267 2738 Athenienses
1298 2708 1389 2739 inter
1421 2714 1454 2739 et
1478 2707 1678 2751 Philippum
1703 2708 1832 2740 bellum
1859 2707 2082 2750 Olynthicum
2110 2708 2315 2740 Aristoteles
2345 2709 2379 2739 in
2412 2707 2531 2739 Asiam
2556 2705 2729 2749 profectus

172 2758 331 2802 (Dionys.
358 2761 438 2794 Hal.
464 2772 517 2804 ep.
543 2763 598 2795 ad.
626 2764 741 2796 Amm.
768 2764 804 2805 I,
831 2766 862 2797 5.
890 2765 1003 2797 Laert.
1030 2765 1074 2805 V,
1102 2765 1137 2807 9)
1162 2771 1341 2806 putaretur
1365 2766 1399 2797 in
1428 2766 1668 2798 Macedoniam
1693 2777 1729 2798 se
1755 2766 1942 2798 contulisse
1968 2767 2011 2798 ad
2037 2767 2260 2798 erudiendum
2290 2766 2551 2804 Alexandrum,
2578 2765 2610 2796 id
2638 2763 2728 2804 quod

170 2824 207 2847 re
231 2825 314 2849 vera
337 2818 436 2850 annis
462 2819 613 2862 quinque
638 2826 716 2863 post
739 2821 868 2854 factum
892 2828 953 2854 est.
1002 2821 1145 2855 Poterat
1169 2828 1284 2855 autem
1308 2823 1352 2855 ad
1378 2822 1471 2856 hunc
1497 2834 1650 2857 errorem
1675 2825 1839 2857 accedere
1864 2825 1972 2866 alter,
1998 2825 2025 2856 si
2053 2831 2193 2867 accepta
2218 2825 2279 2857 illa
2304 2824 2469 2868 epistola,
2497 2834 2565 2866 qua
2591 2832 2728 2865 sperare

171 2884 207 2904 se
231 2874 413 2918 Philippus
446 2879 700 2919 significaverat
729 2880 804 2911 fore
829 2886 866 2912 ut
890 2890 1010 2912 recens
1035 2881 1100 2912 sibi
1125 2888 1226 2912 natus
1250 2881 1341 2913 filius
1367 2882 1410 2913 ab
1436 2883 1625 2915 Aristotele
1650 2883 1854 2915 educaretur
1879 2881 1985 2925 (Gell.
2013 2889 2103 2915 noct.
2131 2884 2203 2915 Att.
2231 2883 2304 2924 IX,
2332 2883 2387 2925 3),
2427 2882 2518 2915 hunc
2546 2881 2659 2913 statim
2685 2879 2726 2911 ad

169 2932 256 2963 illud
288 2944 413 2966 munus
446 2936 643 2969 obeundum
675 2949 711 2970 se
745 2939 932 2970 contulisse
962 2940 1143 2980 fingerent.
1193 2940 1252 2972 Sic
1286 2941 1378 2971 idem
1411 2951 1523 2971 annus
1548 2942 1736 2973 exsistebat
1758 2942 1932 2972 nascentis
1958 2942 2152 2972 Alexandri
2179 2948 2213 2973 et
2237 2943 2415 2973 morientis
2441 2942 2609 2972 Platonis.
2659 2938 2727 2969 Sed

169 2991 253 3025 talia
282 2992 351 3026 iam
376 2994 637 3030 Alexandrinos
670 3009 831 3040 peccasse
856 2998 1055 3031 Platonicos
1089 3000 1298 3041 eosdemque
1322 3001 1561 3040 Aristotelios,
1595 2987 1773 3032 Ammonii
1806 3002 1878 3031 sive
1902 3000 2088 3041 Philoponi
2123 3002 2284 3042 exemplo
2310 3002 2409 3032 docui
2435 3000 2566 3031 Ztschr.
2593 2999 2648 3029 fur
2673 2998 2728 3027 die

171 3051 633 3090 Alterthumswissenschaft
660 3058 762 3099 1852,
790 3059 821 3098 2,
848 3068 876 3091 c.
899 3059 975 3091 141.

388 3113 428 3155 ¹¹)
453 3113 563 3149 Error
587 3116 691 3160 plane
714 3117 901 3158 ridiculns;
926 3117 986 3150 sed
1011 3117 1149 3151 videtur
1174 3117 1349 3152 hominem
1375 3119 1551 3162 decepisse
1575 3118 1721 3152 auctoris
1747 3117 1872 3150 Iudaei
1899 3118 2088 3160 scriptura3
2115 3124 2165 3150 est
2190 3119 2282 3151 enim
2312 3099 2562 3169 Diony-bjx*-
2586 3116 2728 3149 totidem

171 3169 292 3203 litteris
318 3172 444 3202 07:7⁸
475 3161 535 3203 ¹:12
562 3175 583 3208 i.
603 3186 631 3209 e.
655 3174 751 3209 Ochi.
800 3175 936 3209 Ochum
953 3182 1088 3210 constat
1103 3186 1249 3220 regnare
1266 3177 1420 3220 coepisse
1436 3177 1481 3210 ol.
1501 3175 1624 3219 CIIII,
1652 3176 1691 3218 3,
1718 3176 1819 3209 annis
1836 3176 1909 3209 fere
1926 3181 2110 3219 antequam
2129 3182 2283 3209 mortuus
2301 3183 2352 3210 est
2367 3177 2469 3210 Plato
2486 3176 2663 3210 tredecim.
2683 3193 2724 3200 «-

170 3229 272 3261 Alius
302 3237 355 3263 est
378 3231 515 3264 Silucus
541 3225 823 3297 (fflbyssm)
849 3235 1096 3278 philosophus,
1135 3241 1365 3278 cognomento
1390 3237 1524 3277 Amon,
1561 3246 1651 3268 unus
1686 3246 1704 3268 e
1736 3241 1898 3278 quattuor
1930 3235 2069 3277 regibus
2096 3236 2268 3268 Hei-metis
2294 3233 2510 3279 Trismegisti
2536 3233 2724 3276 discipulis,

170 3287 213 3320 de
237 3298 305 3330 quo
330 3291 419 3323 dixit
442 3300 475 3333 p.
494 3291 539 3323 48
564 3298 600 3325 et
623 3294 680 3327 53.
730 3294 821 3326 Eum
845 3304 915 3326 non
941 3294 1099 3336 expedio,

388 3350 427 3390 ⁰)
453 3350 734 3385 Alexandrinum
759 3352 851 3385 hunc
877 3352 1057 3385 Theonem
1081 3353 1165 3385 facit
1190 3353 1472 3396 Abulpharagius
1488 3352 1748 3393 Barhebraeus;
1776 3353 2019 3385 Gemaleddini
2047 3352 2159 3385 verbis
2184 3353 2219 3385 id
2248 3363 2373 3385 nomen
2399 3353 2533 3385 addidit
2558 3353 2725 3395 interpres

169 3407 333 3440 Casirius.
384 3410 486 3448 Quod
519 3422 595 3443 cum
629 3422 699 3444 non
725 3414 835 3453 magis
859 3413 949 3454 apud
976 3413 1176 3444 Honainum
1200 3420 1406 3453 conpareat,
1443 3413 1630 3443 videndum
1656 3420 1708 3443 est
1732 3423 1775 3443 ne
1801 3413 1891 3443 idem
1919 3412 1984 3442 hoc
2010 3412 2089 3442 loco
2116 3412 2207 3452 quod
2233 3413 2309 3442 aliis
2336 3412 2491 3452 plurimis
2517 3412 2724 3442 commiserit
