2998 3934
2675 178 2704 223 9

141 312 328 358 alterum
358 310 548 358 Graecis
575 309 733 356 litteris
761 309 978 355 intentum
1007 308 1164 367 legisse
1194 324 1453 366 erroresque
1484 307 1627 356 nullos
1657 307 2028 353 animadvertisse.
2089 307 2205 351 Nam
2235 316 2279 353 et
2307 309 2440 353 fuisse
2469 315 2564 351 tum
2595 307 2704 351 Hie·
2726 294 2739 301 ’

143 386 375 447 rosolymis
405 383 641 443 episcopos·
665 378 952 430 Nestoi-ianoe
981 389 1151 429 certum
1181 390 1247 429 est
1276 383 1477 440 (Assem...
1500 381 1607 428 bibl.
1639 380 1719 428 Or.
1750 381 1845 436 ΙΠ,
1877 383 1903 426 2
1935 398 1977 440 p.
2008 380 2295 439 DCCLVI)‚
2335 392 2379 427 et
2409 398 2520 438 quae
2554 399 2704 426 mono-

144 462 320 522 physita
348 459 710 519 Abulpharagius
739 457 874 502 refert
901 457 956 502 de
976 458 1260 517 Empedoclis
1288 458 1406 501 circa
1435 458 1662 502 essentiam
1694 457 1887 500 divinam
1919 456 2120 500 doctrina
2149 472 2190 515 p.
2222 457 2278 500 33
2295 456 2452 513 (Barh.
2476 473 2517 516 p.
2543 459 2595 501 18
2616 459 2704 514 sq.)

141 537 287 593 deque
316 534 639 578 Motazalarum
668 548 711 592 p.
746 534 826 575 105
840 565 852 585 ,
898 532 1050 576 eadem
1089 534 1182 576 fere
1221 532 1277 575 de
1306 532 1581 576 Nestorianis
1621 532 1756 575 tradit
1797 531 2195 574 Muhammedanus
2234 531 2506 575 orthodoxus
2535 531 2703 576 Schah-

143 610 352 655 rastanita
383 609 408 652 1
438 624 481 667 p.
512 611 621 662 265,
652 608 729 665 qui
760 607 891 650 etiam
920 607 1031 650 dicit
1059 607 1209 650 eadem
1241 622 1287 650 se
1316 608 1494 651 ratione.
1511 607 1677 651 habere
1699 601 1990 650 Nestorianos'
2017 606 2073 648 ad
2104 607 2331 663 euangelia
2361 621 2449 662 qua
2463 607 2705 651 Motazalas

141 684 198 729 ad
234 684 378 742 legem
410 682 581 737 Islami,
626 688 758 739 atque
798 682 972 725 affinem
1013 696 1105 725 esse
1144 680 1319 725 illorum
1361 681 1604 725 doctrinam
1636 667 1860 724 doctrinae
1890 679 2310 733 Abu-Haschimi‚'
2338 680 2416 735 qui
2445 681 2530 724 fuit
2560 681 2704 725 Abul-

142 757 393 815 Hudsailis,
439 757 494 801 de
537 772 627 813 quo
671 756 886 810 diximus,
930 755 1046 799 filius
1086 763 1130 799 et
1164 770 1265 799 cum
1304 762 1427 813 patre
1467 762 1608 800 sectae
1648 755 1972 798 Motazaliticae
2013 756 2217 813 princeps
2246 753 2453 811 (Schahr.
2484 755 2507 797 I
2538 771 2579 813 p.
2611 757 2703 811 80).

141 833 298 893 Itaque
340 835 507 878 factum
552 830 756 890 equidem
797 830 1065 890 putaverim,
1110 836 1161 874 ut
1196 830 1349 875 iisdem
1387 830 1566 888 quidam
1596 830 1846 875 nominibus
1887 829 2208 889 Hierosolymis
2246 829 2415 873 viveret
2451 829 2582 874 homo
2614 830 2703 874 fere

140 910 344 956 ducentis
374 907 695 967 quinquaginta
723 913 824 952 ante
854 905 979 950 illum
1015 906 1160 962 annis,
1199 906 1385 951 tritavus
1420 906 1601 952 fortasse
1638 905 1708 950 vel
1739 906 1888 951 tritavi
1918 914 2063 965 pater,
2107 912 2151 951 et
2181 904 2345 951 Narses
2374 905 2555 951 fortasse
2584 905 2703 965 apud

143 985 345 1030 Graecos
369 998 450 1042 pro
481 982 626 1027 Nasro
656 982 814 1036 dictus,
845 989 895 1026 ut
923 981 1101 1025 Honain
1122 981 1418 1026 Iohannicius.
1479 981 1688 1028 Viderint
1716 981 1770 1025 de
1801 981 1869 1025 his
1900 982 2131 1026 doctiores.
2192 980 2261 1025 De
2282 980 2552 1038 Empedocle
2582 981 2702 1027 item.

139 1077 196 1104 an
226 1059 373 1116 aliqua
405 1058 451 1102 in
481 1058 564 1102 ista
594 1057 750 1101 fraude
791 1063 938 1116 partes
967 1056 1107 1114 egerit
1135 1055 1284 1101 Procli
1314 1056 1383 1100 vel
1414 1056 1602 1100 nominis
1630 1056 1699 1099 vel
1740 1056 2134 1113 φιλοσοφουμένων
2163 1055 2418 1100 similitudo.
2477 1054 2565 1100 Sed
2597 1055 2703 1099 haec

141 1135 365 1178 hactenus.

200 1189 203 1197 Ι
354 1207 569 1263 Sequitur
600 1222 757 1263 agmen
787 1222 949 1263 cogens
979 1221 1020 1263 p.
1044 1207 1214 1250 58—63
1245 1207 1336 1249 vita
1365 1206 1585 1260 Platonis,
1616 1206 1716 1261 qui,
1748 1205 1976 1262 Aphlatun
2007 1206 2061 1248 ab
2092 1206 2316 1249 Arabibus
2345 1206 2512 1258 dictus,
2543 1221 2701 1248 nomen

139 1282 271 1326 habet
300 1281 355 1324 ab
389 1280 525 1339 Eliph
556 1280 702 1323 littera
732 1280 958 1338 incipiens.
1019 1278 1149 1323 Hanc
1178 1280 1264 1323 iam
1294 1281 1534 1337 integram,
1564 1279 1726 1323 additis
1756 1295 1864 1336 quas
1895 1279 2237 1323 Gemaleddinus
2268 1286 2313 1321 et
2342 1278 2702 1337 Abulpharagius

142 1356 450 1403 Barhebraeus
478 1356 760 1413 scripserunt,
791 1368 1034 1412 proponam
1064 1353 1233 1397 adiecta
1262 1355 1542 1398 adnotatione
1574 1370 1681 1407 mea,
1712 1369 1800 1410 qua
1829 1354 1932 1396 satis
1963 1354 2086 1397 bonis
2115 1353 2234 1396 illam
2266 1354 2517 1398 auctoribus
2548 1354 2700 1397 condi·

141 1437 230 1472 tam
263 1436 307 1472 et
336 1444 425 1472 non
446 1430 630 1471 liberam
653 1428 830 1484 quidem
852 1427 1075 1470 erroribus
1096 1427 1244 1471 multis
1265 1443 1344 1471 nec
1371 1435 1515 1471 tamen
1541 1427 1767 1485 indignam
1788 1442 1893 1481 esse,
1924 1426 2047 1469 cuius
2069 1427 2180 1469 ratio
2202 1426 2426 1481 habeatur,
2458 1427 2699 1470 ostendam.

1283 1674 1571 1738 Platm

357 1807 510 1861 „Plato
543 1807 763 1850 Aristonis
799 1807 914 1850 filius
945 1807 1059 1850 inter
1088 1807 1286 1850 laudatos
1317 1808 1510 1863 quinque
1541 1807 1824 1864 philosophos
1856 1789 2102 1863 Graecosa)
2133 1807 2263 1864 longe
2295 1808 2606 1864 praestantior,
2651 1822 2700 1849 ac

141 1882 507 1939 perspicaciore),
538 1896 626 1923 una
656 1896 756 1925 cum
785 1881 965 1925 Socrate
994 1880 1293 1938 Pythagoram
1323 1880 1511 1935 audivit,
1553 1888 1725 1939 et·post
1754 1880 1948 1925 Socratis
1979 1897 2203 1926 excessum
2235 1882 2403 1925 claruit.
2415 1882 2459 1937 d)
2519 1881 2646 1924 Plato
2679 1897 2699 1923 e

140 1955 278 1998 nobili
311 1955 532 2013 doctoque
563 1971 725 2013 genere
757 1955 970 2012 originem
1001 1955 1145 2009 ducit,
1177 1962 1357 1998 naturae
1387 1971 1545 1998 arcana
1576 1956 1728 1999 intime
1761 1956 2025 2013 penetravit,
2056 1965 2099 1999 et
2130 1956 2184 1999 de
2218 1956 2491 2014 philosophia
2521 1957 2700 2013 eiusque

140 2031 338 2087 partibus
381 2030 516 2073 libros
561 2031 810 2087 scripsite),
855 2030 1015 2087 quibus
1059 2038 1271 2086 quantum
1314 2030 1489 2086 ingenio
1531 2030 1787 2074 excelluerit
1825 2031 1951 2074 facile
1994 2031 2280 2088 dignoscitur.
2342 2031 2583 2088 Discipulis
2613 2031 2702 2073 suis

140 2104 460 2163 philosophiam
500 2105 614 2149 inter
655 2104 1023 2149 deambulandum
1063 2104 1284 2159 tradebat,
1330 2113 1598 2162 quapropter
1637 2106 1911 2161 Peripatetici
1949 2106 2041 2149 eius
2078 2106 2264 2149 asseclae
2303 2105 2507 2163 appellati
2538 2106 2701 2160 sunus)

139 2179 369 2224 Postremo
400 2180 514 2223 vitae
545 2196 647 2224 suae
679 2180 900 2224 curriculo
930 2180 1147 2237 religioni,
1177 2196 1228 2223 ac
1258 2179 1409 2237 pietati
1421 2180 1464 2235 g)
1494 2189 1634 2225 totum
1668 2196 1711 2223 se
1741 2179 1938 2232 devovit3
1982 2190 2025 2223 et
2054 2196 2168 2223 anno
2200 2179 2491 2236 octogesimo,
2522 2196 2622 2233 seu,
2655 2195 2702 2222 ut

138 2254 235 2298 aliis
257 2254 399 2311 placet
412 2290 423 2308 ,
455 2270 543 2297 uno
564 2270 699 2311 supra
719 2254 1033 2311 octogesimum
1046 2289 1057 2309 ,
1087 2253 1202 2297 diem
1224 2269 1476 2311 supremum
1499 2255 1675 2311 obiit.h)
1722 2254 1902 2297 Poetico
1923 2255 2038 2311 stylo
2059 2255 2104 2296 in
2125 2254 2423 2297 adolescentia
2443 2253 2702 2311 flo[59]ruit,

136 2344 188 2371 ac
218 2344 395 2372 suasore
425 2327 606 2373 Socrate
639 2328 694 2371 ad
724 2327 1070 2385 Pythagoricum
1101 2328 1311 2371 Licaeum
1341 2345 1386 2372 se
1416 2330 1652 2373 transtulit.
1668 2330 1702 2385 i)
1762 2329 1984 2372 Plurimos
2015 2328 2171 2371 habuit
2199 2329 2405 2382 asseclas,
2446 2329 2560 2371 inter
2591 2344 2702 2385 quos

138 2404 426 2460 praecipuum
468 2403 613 2445 locum
655 2410 776 2446 tenet
804 2403 1007 2447 laudatus
1038 2404 1315 2457 Aristoteles,
1362 2405 1438 2460 qui
1468 2412 1568 2461 post
1597 2404 1793 2448 Platonis
1827 2403 2071 2457 decessum,
2117 2403 2369 2446 Platonicae
2401 2403 2701 2461 philosophiae

140 2476 290 2521 haeres
320 2477 495 2520 habitus
527 2479 661 2533 est.k)

353 2553 432 2594 Ait
460 2552 583 2595 Isaac
598 2553 632 2608 1)
663 2552 893 2595 Platonem
925 2569 951 2595 a
979 2551 1158 2595 Socrate
1190 2553 1464 2610 philosophia
1493 2553 1711 2596 imbutum
1742 2554 1944 2609 diemque
1975 2553 2178 2596 ultimum
2210 2554 2366 2597 obiisse
2398 2553 2550 2597 eodem
2572 2570 2700 2600 anno,

137 2641 227 2682 quo
259 2626 415 2683 Magni
448 2627 691 2669 Alexandri
732 2635 854 2671 ortus
891 2628 1097 2672 statuitur
1111 2630 1190 2684 m),
1236 2643 1349 2669 anno
1388 2642 1545 2685 nempe
1579 2630 1632 2671 13
1662 2628 1887 2683 Seleucin)
1920 2628 2075 2686 Regis,
2123 2644 2211 2684 quo
2240 2636 2439 2685 tempore
2469 2628 2701 2686 Philippus

140 2700 382 2743 Alexandri
414 2708 536 2757 pater
555 2700 844 2744 Macedoniae
874 2718 1058 2759 regnum
1090 2701 1345 2759 occupabat.
1406 2701 1604 2746 Platonis
1624 2703 1787 2759 scripta
1807 2702 1941 2745 hocce
1964 2702 2116 2745 ordine
2137 2719 2162 2744 a
2183 2701 2358 2745 Theone
2372 2703 2413 2758 0)
2436 2703 2699 2746 afferuntur:

434 2827 469 2869 1.
531 2827 621 2874 (Ex
653 2827 932 2871 Gamaleddini
961 2828 1134 2871 historia
1162 2828 1460 2882 philosophiae,
1501 2828 1727 2883 interprete
1754 2828 1877 2871 nich.
1908 2829 2062 2871 Casirio
2090 2829 2114 2870 1
2142 2842 2180 2882 p.
2211 2829 2291 2871 301
2320 2834 2405 2882 sq.)

354 2919 477 2957 „Plato
501 2926 602 2952 natus
628 2927 680 2951 est
704 2921 854 2953 Athenis
878 2927 975 2962 patre
1000 2921 1183 2960 Aristone,
1210 2920 1286 2952 viro
1311 2920 1501 2962 pernobili,
1533 2931 1577 2952 ex
1604 2920 1743 2952 Solonis
1768 2931 1913 2961 genere,
1948 2922 2007 2962 qui
2032 2921 2304 2953 Atheniensibus
2330 2922 2424 2963 leges
2451 2923 2561 2960 dedit,
2590 2924 2699 2963 iisque

136 2977 258 3009 urbem
282 2977 495 3010 Salaminam
520 2988 542 3011 a
567 2978 831 3020 Megarensibus
856 2984 1008 3021 ereptam
1032 2979 1199 3019 restituit,
1232 2979 1334 3011 unius
1351 2978 1383 3020 b)
1408 2990 1452 3011 ex
1477 2985 1609 3021 septem
1632 2978 1799 3012 Graeciae
1825 2978 2062 3021 Sapientibus‚
2096 2991 2182 3021 quos
2208 2981 2297 3012 inter
2323 2982 2474 3012 maxima
2498 2983 2699 3013 auctoritate

137 3036 247 3069 valuit
258 3041 304 3069 'et
328 3036 464 3069 dicendi
489 3043 563 3070 arte
588 3038 805 3080 gratissimus
830 3044 933 3081 atque
955 3037 1259 3081 eloquentissimus
1282 3038 1406 3079 fuito)
1457 3037 1572 3086 Quupi
1599 3039 1713 3071 iunior
1739 3044 1846 3079 esset,
1874 3039 1982 3071 Musis
2009 3040 2133 3071 mirum
2158 3041 2193 3072 in
2219 3041 2359 3072 modum
2378 3040 2533 3073 indulsit.
2586 3040 2698 3080 Quum

137 3105 221 3128 vero
247 3096 426 3129 Socratem
450 3105 570 3139 poetas
595 3108 635 3144 ac
662 3099 794 3141 poesim
819 3105 856 3131 ut
881 3110 953 3131 rem
977 3098 1131 3131 fictitiam
1156 3103 1343 3139 taxantem,
1369 3105 1404 3131 et
1427 3098 1470 3130 ad
1497 3109 1617 3131 verum
1641 3099 1809 3141 imprimis
1835 3099 2104 3141 perquirendum
2129 3099 2371 3132 adhortantem
2397 3100 2578 3137 audiisset3
2605 3100 2699 3133 libris

138 3155 282 3194 poeticis
307 3155 495 3188 combustis
520 3167 594 3188 sese
620 3157 656 3189 in
682 3158 755 3190 eius
781 3159 1002 3201 disciplinam
1026 3158 1179 3190 tradidit.
1199 3157 1229 3199 i)
1280 3157 1417 3190 Deinde
1442 3158 1674 3200 Pythagorica
1699 3158 1857 3190 doctrina
1881 3158 2049 3199 imbutus,
2075 3159 2225 3191 Moralia
2249 3164 2283 3191 et
2309 3158 2475 3201 Physica,
2509 3159 2551 3190 de
2576 3159 2699 3200 quibus

139 3213 264 3246 multos
289 3226 329 3248 ac
354 3215 508 3248 celebres
533 3217 740 3259 conscripsit
763 3217 891 3259 libros,
925 3218 1105 3260 amplexus
1131 3223 1194 3251 est.
1242 3216 1437 3251 Sectatores
1462 3218 1680 3250 inambulans
1705 3217 1867 3258 docebat,
1892 3219 1952 3259 qui
1976 3218 2194 3260 Peripatetici
2220 3219 2302 3251 inde
2326 3219 2501 3260 appellati.
2521 3217 2552 3258 f)
2602 3219 2700 3250 Vixit

134 3281 247 3304 annos
261 3272 485 3316 Lxxxlh),
504 3274 658 3317 obiitque
676 3286 718 3308 eo
736 3276 823 3319 ipso,
842 3288 911 3320 quo
925 3275 1128 3310 Alexander
1144 3282 1245 3309 natus
1262 3282 1325 3317 est,
1342 3287 1450 3310 anno:
1465 3278 1513 3319 ιι1)
1530 3277 1717 3309 Aristotele
1731 3277 1912 3319 discipulo,
1931 3276 2176 3320 Philosophiae
2190 3278 2288 3319 quasi
2304 3277 2464 3318 haerede,
2482 3278 2647 3310 instituto.
2660 3278 2697 3316 k)

138 3330 308 3362 Scientias
333 3333 548 3375 adipiscendi
573 3334 762 3375 cupiditate
788 3335 951 3377 flagrans,
978 3336 1131 3368 laborem
1156 3346 1294 3368 omnem
1319 3345 1360 3367 ac
1385 3336 1534 3367 studium
1561 3336 1597 3367 in
1622 3336 1690 3368 illis
1715 3336 1956 3377 comparandis
1981 3337 2181 3368 collocavit:
2206 3347 2269 3368 nec
2295 3336 2356 3367 ulli
2381 3345 2533 3376 unquam
2549 3337 2696 3377 sumptui

134 3387 181 3420 ad
206 3397 324 3421 earum
352 3389 458 3423 libros
484 3392 697 3425 coemendos
721 3394 893 3435 pepercit:
926 3394 1014 3427 adeo
1040 3400 1077 3427 ut
1101 3394 1174 3427 eius
1199 3398 1322 3435 rogatu
1347 3393 1440 3426 Dion
1466 3392 1616 3426 Philolai
1644 3393 1865 3427 Crotoniatae
1889 3394 1932 3428 de
1957 3400 2051 3428 secta
2074 3394 2307 3438 Pythagorica
2331 3395 2455 3427 Libros
2481 3393 2536 3426 111
2561 3400 2695 3426 centum

2464 3464 2484 3496 3
