2998 3934
371 1636 376 1645 ι
417 1512 588 1633 Quod
646 1577 807 1636 paucis
866 1576 1119 1623 mortalium
1183 1576 1367 1623 evenire
1429 1577 1563 1631 solet,
1626 1579 1699 1630 ut,
1764 1587 1901 1635 quem
1964 1574 2082 1620 vitae
2136 1586 2344 1628 cursum,
2414 1572 2502 1620 non
2557 1577 2753 1631 cogente

198 1701 477 1749 necessitate
526 1702 644 1757 ulla,
700 1700 786 1749 sed
834 1701 934 1761 ipsa
978 1700 1177 1750 ducente
1220 1705 1382 1749 natura
1419 1714 1522 1755 sua,
1574 1700 1755 1748 inierint
1790 1701 2007 1754 iuveneS‚
2061 1704 2165 1746 e'um
2202 1712 2353 1759 usque
2392 1700 2435 1745 in
2471 1703 2751 1745 senectutem

199 1838 283 1886 per
342 1827 518 1873 saeculi
575 1826 809 1874 dimidium
870 1827 931 1874 ita
991 1831 1151 1874 tenere
1210 1827 1409 1888 possint,
1472 1831 1519 1874 ut
1574 1820 1663 1889 non
1717 1826 1851 1873 modo
1905 1825 2109 1885 suscepti
2164 1825 2364 1871 muneris
2418 1829 2558 1884 atque
2614 1825 2752 1872 officii

197 1953 324 2013 ipsos
364 1913 495 2001 nullo
540 1956 747 2014 tempore
796 1954 1045 2014 paeniteat,
1101 1952 1186 2000 sed
1229 1920 1362 2000 etiam
1411 1955 1559 2001 bonae
1606 1954 1836 2001 bominum
1885 1951 2225 2000 existimationis
2273 1956 2526 2011 grataeque
2577 1964 2750 2007 eorum,

197 2079 478 2141 quibuscum
531 2081 699 2128 versati
753 2080 865 2137 sint,
919 2079 1163 2128 memoriae
1217 2081 1417 2128 fructum
1468 2080 1719 2142 percipiant
1769 2079 2073 2128 uberrimum:
2125 2055 2172 2125 id
2225 2078 2307 2126 Dei
2359 2077 2520 2139 Optimi
2576 2079 2749 2126 Maximi

144 2267 148 2272 Ι
197 2207 424 2254 beneflcio
479 2207 726 2266 contigisse
776 2208 896 2263 Tibi,
950 2207 1397 2262 ENGELHARDTE,
1452 2208 1525 2253 Vir
1571 2208 1853 2263 Clarissime,
1908 2207 2013 2254 laeti
2062 2206 2276 2252 lubentes
2313 2207 2579 2265 profitemur
2614 2206 2750 2253 hodie

196 2327 419 2390 conlegae
467 2333 551 2379 Tui
598 2337 737 2392 atque
787 2345 847 2379 ex
894 2333 1030 2379 animi
1073 2333 1216 2379 nostri
1263 2333 1485 2380 sententia
1529 2334 1825 2391 gratulamur.
1897 2332 2067 2379 Etenim
2116 2343 2398 2390 cognoscere
2441 2331 2559 2378 illam
2606 2333 2750 2379 omnis

196 2439 429 2505 doctrinae
465 2462 703 2518 parentem
739 2458 1076 2519 antiquitatem,
1132 2459 1283 2506 colere
1326 2439 1595 2520 optimarum
1629 2460 1793 2507 artium
1831 2457 1997 2513 studia,
2042 2458 2288 2505 informare
2326 2458 2386 2504 ad
2423 2457 2747 2505 humanitatem

195 2594 446 2643 puerorum
497 2582 942 2644 adulescentumque
997 2583 1205 2642 ingenia,
1262 2583 1459 2643 dirigere
1513 2598 1670 2633 eorum
1724 2584 1784 2632 ad
1828 2583 2037 2631 virtutem
2085 2596 2260 2639 moreS‚
2317 2596 2372 2631 ea
2415 2583 2513 2631 Tibi
2568 2597 2751 2645 semper

195 2709 525 2758 iucundissima
571 2710 659 2758 fuit
703 2710 964 2767 oblectatio,
1019 2710 1066 2758 id
1115 2711 1451 2760 sanctissimum
1500 2712 1727 2768 officium,
1780 2711 1827 2758 id
1870 2723 2024 2759 rerum
2072 2710 2380 2759 secundarum
2432 2716 2748 2758 ornamentum

195 2835 594 2894 honestissimum,
667 2838 969 2886 certissimum
1036 2825 1335 2885 adversarum
1404 2840 1636 2887 solacium.
1750 2828 1907 2900 anue
1972 2825 2074 2886 Tibl‘
2132 2851 2208 2885 res
2278 2839 2454 2894 effecit,
2530 2845 2579 2884 ut
2649 2845 2747 2902 post

119 3010 122 3011 γ
195 2960 529 3022 quinquaginta
607 2978 752 3013 annos
833 2965 878 3012 in
957 2977 1097 3026 opere
1168 2965 1387 3013 faciundo
1459 2969 1586 3014 act-os
1659 2967 1859 3027 supersit
1928 2967 2063 3014 animi
2131 2966 2259 3024 vigor
2328 2978 2473 3026 prope
2543 2966 2749 3012 iuvenilis

193 3091 497 3148 promptaque
577 3090 637 3136 ad
716 3090 874 3139 omnes
954 3092 1154 3139 muneris
1235 3095 1391 3151 partes
1471 3092 1711 3153 obeundas
1790 3092 2014 3140 alacritas.
2118 3092 2178 3139 At
2246 3089 2412 3139 festiva
2484 3092 2749 3139 celebritate

194 3213 596 3263 semisaecularem
661 3216 786 3265 hunc
851 3230 993 3283 agere
1056 3218 1175 3266 diem
1238 3218 1505 3280 parantibus
1566 3219 1697 3267 nobis
1760 3230 1815 3266 ea
1868 3218 2125 3297 inciderunt
2175 3222 2407 3280 tempora,
2469 3231 2591 3281 quae
2645 3233 2747 3267 cum

194 3338 258 3385 Te
312 3337 562 3389 domestico
626 3341 756 3390 luctu
813 3343 1117 3401 adflixissent,
1182 3346 1426 3393 universae
1478 3346 1566 3392 iam
1617 3346 1684 3392 rei
1737 3346 1948 3405 publicae
2002 3349 2255 3406 coeperunt
2308 3358 2414 3392 esse
2468 3347 2745 3404 gravissima.

2172 3915 2388 3934 ‹amada-:mim
2402 3921 2505 3934 μ’»ὲ--μ
2516 3930 2549 3934 .-,
2572 3930 2575 3934 .
2596 3930 2611 3934 .,
