2998 3934
2722 258 2750 303 5

187 389 500 450 Hippocratis,
532 387 827 442 Dioscoridis,
857 387 1043 442 Galeni,
1073 386 1291 441 oribasii,
1322 386 1451 429 Pauli
1482 386 1744 444 Aeginetae,
1776 385 2182 429 mathematicorum
2210 386 2413 430 Euclidis
2427 421 2438 440 ,
2470 386 2752 430 Archimedis

186 481 288 511 cnm
307 462 523 518 Entocio,
554 463 787 522 Autolyci,
818 462 1038 517 Menelai,
1069 462 1329 516 Ptolemaei,
1361 459 1590 518 Apollonii
1610 460 1873 515 Laodiceni,
1903 460 2171 517 somniorum
2194 461 2445 519 interpretis
2462 460 2751 515 Artemidori,

186 537 550 600 philosophorum
590 538 809 593 Platonis,
856 537 1128 591 Aristotelis,
1174 536 1349 580 Nicolai
1398 535 1678 591 Damasceni,
1699 537 1732 593 ¹)
1777 535 2020 579 Alexandri
2070 536 2452 594 Aphrodisiensis,
2498 536 2752 594 Porphyrii,

186 613 431 659 Themistii.
491 614 698 670 Quorum
743 613 826 657 etsi
869 611 1071 655 nonnulli
1109 626 1199 654 non
1238 617 1329 654 tam
1372 611 1456 670 ipsi
1497 627 1628 669 quam
1668 609 1771 654 filiis
1810 610 1904 655 eius
1940 625 1991 655 ac
2021 610 2247 670 discipulis
2277 611 2427 655 deberi
2458 619 2590 668 atque
2621 611 2750 655 etiam

186 689 365 734 omnino
394 702 625 749 perperam
654 688 696 731 ei
725 670 862 731 tribu'i
891 686 1119 741 videntur,
1161 685 1362 730 doctrina
1389 693 1536 731 tamen
1566 685 1757 730 hominis
1787 685 1948 741 elucet,
1988 685 2065 743 qui
2095 686 2131 730 si
2163 701 2363 744 magnam
2394 685 2552 730 horum
2582 693 2751 744 partem

185 776 280 808 tum
326 765 496 824 primus
534 763 581 806 in
618 762 718 806 illas
752 761 925 820 linguas
965 762 1253 819 gentiumque
1289 761 1465 805 illarum
1502 761 1703 805 notitiam
1743 760 2050 815 transferebat,
2096 760 2343 805 incredibili
2373 777 2473 804 eum
2502 761 2621 819 apud
2651 778 2752 805 suos

184 840 301 882 fama
331 840 487 883 florere
520 852 694 881 necesse
724 843 842 891 erat,
871 843 942 890 ut,
973 836 1011 880 si
1040 851 1128 894 qua
1156 836 1377 879 ferrentur
1407 835 1658 880 oblitterato
1688 835 1940 894 interpretis
1959 836 2157 891 nomine,
2187 836 2314 881 facile
2334 837 2418 894 ipsi
2438 835 2749 880 tribuerentur.

186 914 440 959 Accedebat
471 912 592 970 quod
621 912 757 955 trium
788 912 956 969 peritus
985 911 1262 969 linguarum,
1303 910 1522 966 Graecae,
1560 909 1790 968 Syriacae,
1823 910 2060 964 Arabicae,
2100 918 2144 954 et
2173 918 2355 968 quartae
2385 911 2512 955 etiam
2527 946 2537 964 ,
2577 911 2611 955 si
2644 910 2750 955 Ibn-

185 987 526 1034 Abi-Osaibiae
548 986 728 1043 (Wenr.
760 1002 803 1044 p.
822 989 890 1029 16.
906 985 1381 1042 Hammer-Purgstall
1411 999 1453 1042 p.
1471 986 1578 1041 340)
1610 984 1851 1038 credimus,
1881 984 2106 1040 Persicae,
2137 985 2287 1029 multis
2316 992 2490 1044 poterat
2519 1001 2750 1030 occurrere

184 1080 236 1109 ac
267 1062 432 1107 mederi
463 1061 709 1117 erroribus,
752 1061 798 1104 in
829 1075 940 1118 quos
970 1058 1097 1103 facile
1127 1058 1391 1115 inciderent,
1435 1060 1510 1117 qui
1540 1066 1640 1113 aut,
1681 1059 1850 1103 Arabes
1881 1074 1981 1102 cum
2011 1067 2173 1113 essent,
2207 1059 2376 1104 Graece
2408 1061 2645 1114 nescirent,
2675 1072 2752 1103 aut

184 1140 360 1182 natione
388 1137 494 1195 Syri
537 1137 716 1194 linguae
748 1135 967 1178 Arabicae
1010 1149 1095 1179 usu
1140 1140 1272 1191 atque
1319 1133 1532 1192 elegantia
1571 1148 1659 1177 non
1702 1133 1804 1177 satis
1845 1140 1987 1177 essent
2015 1132 2171 1177 inbuti.
2232 1134 2428 1189 Etenim,
2472 1143 2523 1178 ut
2552 1136 2748 1178 omittam

182 1214 379 1272 linguam
410 1210 658 1266 Persicam,
688 1211 734 1254 in
764 1225 897 1269 quam
926 1209 1193 1268 scriptorum
1225 1208 1519 1264 Graecorum,
1549 1207 1751 1267 inprimis
1781 1207 1978 1253 Platonis
2007 1217 2051 1253 et
2080 1209 2352 1265 Aristotelis,
2382 1210 2518 1255 libros
2540 1211 2751 1256 Chosrois

182 1290 304 1333 iussu
340 1282 575 1331 Iustinia‘ni
620 1292 818 1344 temp'ore
862 1285 1095 1329 translatos
1135 1296 1228 1329 esse
1257 1284 1472 1343 Agathias
1511 1284 1663 1329 histor.
1702 1283 1773 1338 Π,
1819 1285 1873 1327 28
1918 1285 2156 1341 significat,
2203 1301 2226 1328 e
2267 1300 2354 1340 qua
2372 1322 2376 1327 .
2391 1301 2491 1328 cum
2521 1285 2617 1327 fieri
2647 1302 2749 1328 sane

182 1371 331 1422 posset
374 1368 425 1404 ut
465 1376 554 1404 non
592 1360 726 1404 modo
767 1359 1005 1403 vernacula
1044 1365 1088 1403 et
1128 1358 1283 1403 Indica
1311 1357 1367 1403 ad
1396 1358 1567 1404 Arabes
1596 1357 1674 1404 sed
1712 1359 1841 1404 etiam
1874 1357 2046 1404 Graeca
2075 1358 2336 1417 migrarent,
2381 1359 2490 1402 nihil
2521 1368 2667 1403 tamen
2700 1379 2750 1403 ea

182 1438 238 1481 de
267 1452 316 1480 re
344 1424 556 1480 traditum
587 1442 672 1480 est:
718 1435 829 1479 illud
859 1441 978 1480 certe
1009 1441 1203 1490 constat,
1248 1449 1337 1478 non
1367 1450 1421 1479 ex
1451 1433 1556 1491 ipsis
1588 1433 1771 1479 Graecis
1801 1434 2017 1478 Arabicos
2046 1435 2183 1479 factos
2214 1452 2304 1479 esse
2335 1435 2471 1478 libros
2502 1436 2749 1492 plerosque,

184 1511 262 1555 sed
299 1511 618 1553 interveniente
658 1510 872 1575 plurimos
908 1509 1061 1566 lingua
1089 1507 1294 1565 Syriaca,
1340 1523 1452 1565 quae
1482 1524 1581 1551 cum
1612 1516 1724 1552 esset
1754 1508 1905 1551 eadem
1937 1525 2024 1565 qua
2053 1509 2243 1552 Arabica
2274 1509 2409 1567 stirpe
2438 1510 2609 1566 genita,
2655 1519 2749 1553 tum

184 1586 271 1628 iam
311 1583 483 1642 pridem
522 1583 712 1640 receptis
748 1584 794 1626 in
831 1598 877 1626 se
909 1582 1196 1626 Graecorum·
1223 1582 1416 1639 scriptis,
1462 1582 1764 1627 ecclesiasticis
1803 1583 1981 1640 quidem
2012 1583 2231 1641 plerisque
2262 1582 2337 1626 sed
2368 1584 2589 1627 nonnullis
2619 1585 2747 1627 etiam

183 1658 508 1714 saecularibus,
538 1657 594 1701 ad
625 1673 720 1702 eam
750 1674 843 1702 rem
874 1656 1097 1716 praeclare
1129 1664 1222 1701 erat
1250 1656 1593 1701 adcommodata.
1654 1656 1823 1700 Verum
1853 1675 1904 1701 ea
1923 1674 1992 1701 res
2013 1666 2250 1713 utcumque
2271 1674 2316 1700 se
2337 1658 2487 1711 habet,
2518 1659 2747 1701 Platonem

184 1742 303 1776 certe
334 1734 411 1790 qui
437 1732 630 1776 Arabice
658 1732 783 1789 loqui
814 1731 1028 1786 docuerit,
1060 1746 1201 1785 nemo,
1231 1730 1351 1787 quod
1382 1730 1558 1788 quidem
1589 1730 1788 1786 sciamus,
1819 1731 1904 1775 fuit
1933 1740 2032 1776 ante
2060 1731 2334 1784 Honainum3
2365 1740 2409 1775 et
2439 1733 2557 1789 quod
2579 1742 2748 1777 exstare

172 1806 302 1865 'apud
331 1806 469 1863 Syros
500 1806 698 1851 Platonis
736 1807 900 1865 scripta
929 1807 1195 1849 Assemanus
1238 1806 1346 1849 dicit
1382 1806 1487 1849 bibl.
1525 1822 1588 1849 or.
1630 1805 1678 1848 II
1715 1820 1758 1864 p.
1789 1807 1895 1861 315,
1939 1806 1984 1849 id
2016 1806 2143 1863 quale
2174 1807 2231 1850 sit
2260 1807 2471 1862 nescitur,
2519 1816 2750 1867 propterea

184 1881 304 1939 quod
335 1898 481 1938 neque
510 1898 536 1925 a
566 1898 654 1939 quo
685 1898 827 1939 neque
858 1897 947 1938 quo
976 1889 1173 1939 tempore
1203 1880 1412 1924 translata
1441 1882 1528 1925 sint
1556 1880 1780 1924 indicavit.

397 1955 485 2001 Sed
525 1965 698 2015 tempus
736 1963 801 2001 est
838 1956 894 1999 ad
930 1956 1092 2004 librum
1122 1956 1374 1998 Nanianum
1404 1956 1577 1999 reverti.
1639 1954 1783 2011 Quem
1815 1956 1934 2012 quod
1964 1963 2131 2001 totum.
2177 1966 2391 2013 quatenus
2422 1957 2599 2013 quidem
2630 1966 2748 2002 totus

184 2038 273 2085 est,
304 2030 515 2074 Latinum
545 2030 650 2075 fecit
679 2030 832 2077 Simon
863 2033 1152 2086 Assemanus,
1183 2047 1274 2074 rem
1305 2046 1407 2074 sane
1435 2031 1538 2074 fecit
1567 2030 1694 2074 nobis
1723 2031 2037 2084 gratissimam3
2068 2031 2144 2073 sed
2175 2047 2275 2074 cum
2306 2040 2349 2075 et
2378 2032 2470 2089 ipse
2501 2032 2682 2076 dixisset
2701 2033 2744 2075 in

183 2105 482 2163 praefatione:
536 2105 605 2149 La
654 2108 901 2149 traduzione
946 2107 1017 2148 dei
1050 2107 1177 2162 paesi
1219 2105 1294 2147 che
1339 2107 1419 2147 cito
1464 2110 1484 2147 ὲ
1527 2105 1682 2159 libera,
1736 2107 1821 2147 cio&
1864 2121 1947 2147 non
1993 2107 2253 2147 servilmente
2298 2108 2504 2161 letter-ale,
2561 2115 2605 2150 et
2650 2123 2745 2165 ege,

183 2179 367 2227 conlatis
409 2196 520 2236 quae
548 2181 682 2243 ,apud
715 2181 934 2225 Casirium
965 2181 1173 2236 leguntur
1205 2179 1632 2232 Gemaleddinianis,
1677 2196 1864 2235 quorum
1896 2180 1968 2221 hic
1997 2181 2095 2222 fons
2125 2180 2328 2237 adparet,
2372 2181 2417 2222 id
2447 2196 2549 2223 vere
2579 2181 2743 2224 dictum

182 2253 510 2312 cognovissem,
542 2255 678 2312 petivi
711 2255 767 2299 ab
798 2254 974 2298 homine
1004 2253 1257 2298 doctissimo
1289 2253 1484 2311 mihique
1514 2255 1798 2309 amicissimo,
1829 2254 2083 2297 Abrahamo
2104 2253 2250 2308 Stein,
2281 2254 2465 2297 rabbino
2485 2263 2580 2298 tum
2598 2254 2745 2299 Geda-

182 2329 306 2374 nensi
351 2345 469 2374 nunc
500 2329 739 2387 Pragensi,
785 2330 854 2374 his
896 2330 1054 2373 litteris
1092 2337 1187 2372 tum
1225 2330 1411 2371 maxime
1451 2345 1627 2387 operam
1670 2330 1790 2372 danti
1791 2363 1812 2389 2
1857 2338 1908 2371 ut
1947 2346 2000 2371 ex
2040 2330 2146 2387 ipsis
2177 2329 2380 2372 Arabicis
2419 2330 2473 2373 ab
2504 2331 2745 2374 Assemano

182 2402 365 2449 adiectis
393 2403 511 2448 vitae
541 2419 653 2460 quae
693 2404 806 2449 inest
835 2394 1033 2448 Platonis
1062 2420 1220 2446 novam
1258 2403 1365 2446 mihi
1401 2405 1563 2447 faceret
1598 2406 2027 2461 interpretationem,
2065 2419 2198 2460 quam
2228 2405 2301 2446 ille
2331 2420 2500 2446 summa
2529 2419 2629 2447 cum
2660 2405 2746 2447 fide

181 2477 341 2523 factam
372 2483 473 2522 ante
504 2476 583 2523 hos
613 2477 704 2522 fere
735 2495 893 2522 novem
924 2495 1060 2523 annos
1089 2477 1197 2521 mihi
1228 2477 1350 2521 dedit
1382 2478 1711 2532 Germanicam,
1748 2488 1821 2532 ut,
1859 2480 1999 2521 sicubi
2031 2468 2252 2521 Casirium‘
2281 2480 2426 2536 potius
2456 2494 2587 2536 quam
2619 2494 2746 2523 suum

181 2557 408 2596 auctorem
438 2551 684 2609 exprimere
713 2551 785 2596 vel
815 2552 1055 2609 elegantiae
1086 2553 1224 2610 magis
1254 2569 1386 2609 quam
1415 2552 1517 2595 fidei
1549 2554 1726 2596 studere
1756 2554 1979 2595 videretur
1999 2554 2280 2607 Assemanus,
2312 2554 2438 2595 facile
2468 2554 2553 2595 iam
2575 2567 2744 2611 possem

183 2625 239 2670 de
269 2642 322 2670 ea
350 2641 398 2669 re
428 2625 691 2670 existimare.
755 2625 933 2671 Gratias
964 2643 1072 2684 quas
1101 2644 1249 2671 coram
1287 2626 1457 2684 pridem
1488 2628 1558 2683 egi
1588 2628 1684 2669 viro
1722 2628 2033 2670 humanissimo
2071 2643 2189 2669 nunc
2218 2628 2393 2684 publice
2423 2628 2581 2669 iterare
2611 2628 2745 2669 iuvat.

399 2699 467 2743 Eo
497 2699 634 2757 igitur
664 2701 711 2745 in
741 2700 856 2745 libro
886 2716 1026 2758 pauca
1056 2702 1276 2759 praefatus
1305 2709 1458 2744 auctor
1489 2701 1543 2744 de
1575 2702 1879 2760 philosophiae
1910 2703 2103 2759 origine,
2136 2717 2266 2758 quam
2298 2702 2352 2744 ad
2374 2702 2599 2746 Edrisium
2621 2702 2743 2744 illum

183 2773 429 2819 fabulosum
481 2772 616 2818 refert
660 2790 759 2819 cum
798 2775 1103 2820 Hebraeorum
1143 2775 1360 2819 Henocho
1405 2784 1449 2819 et
1489 2776 1762 2820 Graecorum
1802 2777 2013 2819 Hermete
2053 2777 2466 2833 Aegyptiorumque
2507 2776 2653 2819 Thoth
2690 2777 2744 2819 ab

185 2847 409 2893 Arabibus
439 2847 695 2903 confusum,
737 2851 1000 2894 mentionem
1032 2868 1077 2895 se
1107 2851 1325 2894 facturum
1365 2851 1426 2892 ait
1466 2850 1520 2891 de
1559 2851 1655 2902 illis,
1686 2851 1980 2908 philosophis,
2022 2854 2099 2907 qui
2126 2866 2388 2907 quocumque
2419 2860 2599 2907 tempore
2630 2860 2669 2893 et
2696 2866 2745 2893 επ

185 2935 454 2979 quacumque
491 2924 663 2978 reqione
695 2931 735 2967 et
762 2933 873 2968 secta
912 2927 1150 2968 immortale
1179 2924 1351 2968 Edrisii
1386 2941 1533 2968 nomen
1567 2927 1856 2969 reddiderunt.
1924 2926 2049 2981 Quae
2088 2925 2223 2968 verba
2259 2940 2358 2968 cum
2398 2926 2628 2969 ostendant
2667 2942 2745 2970 cur

184 2995 447 3039 Hermetum
488 2997 713 3042 historiam
756 3000 918 3044 librum
957 3016 1082 3044 suum
1127 3007 1279 3043 auctor
1309 3000 1600 3057 inscripserit,
1646 3025 1701 3031 --
1747 3001 1839 3057 ipse
1870 3002 1984 3043 enim
2016 3001 2218 3058 princeps
2248 2999 2321 3042 ille
2353 3008 2484 3056 atque
2515 2999 2746 3057 ἀρχηγέτης

184 3070 487 3129 philosophiae
505 3070 693 3117 Hermes
710 3072 971 3118 Hermetum
1001 3074 1274 3132 adpellatur,
1307 3100 1359 3106 --
1389 3082 1482 3117 tum
1515 3076 1661 3118 nescio
1694 3075 1915 3131 quomodo
1946 3075 2181 3117 admonent
2204 3074 2434 3132 Ἑρμαϊκης
2462 3075 2579 3118 illius
2601 3078 2746 3132 σειρᾶς

184 3142 515 3188 Platonicorum
538 3145 736 3205 (Eunap.
757 3148 835 3193 vit.
857 3148 980 3206 soph.
1004 3163 1050 3205 p.
1071 3150 1097 3191 9
1129 3148 1269 3192 Boiss.
1301 3148 1479 3192 Procul.
1499 3148 1555 3191 ad
1575 3149 1688 3192 Plat.
1711 3149 1823 3192 Tim.
1846 3150 1918 3191 III
1939 3166 1981 3207 p.
2003 3151 2083 3191 231
2109 3165 2145 3192 c.
2195 3148 2358 3190 Marin.
2379 3149 2455 3191 vit.
2478 3149 2653 3192 Procul.
2676 3151 2743 3192 28.

403 3342 425 3382 ¹)
452 3342 564 3373 Huius
597 3344 841 3385 compendium
873 3345 946 3377 sive
980 3345 1151 3387 epitomen
1178 3343 1419 3387 philosophiae
1444 3344 1690 3377 Aristotelicae
1723 3345 1789 3377 iam
1815 3351 1894 3377 ante
1921 3345 2121 3377 Honainum
2146 3345 2180 3377 in
2207 3344 2388 3387 Syriacum
2413 3346 2555 3377 vertisse
2580 3345 2743 3377 Iacobum

184 3396 402 3431 Edessenum
427 3401 645 3443 episcopum,
684 3402 824 3435 saeculo
848 3413 881 3445 p.
908 3403 973 3436 Ch.
998 3414 1032 3436 n.
1058 3403 1206 3444 Vlhno,
1244 3403 1363 3436 scribit
1386 3402 1607 3435 Wenrichius
1642 3414 1675 3446 p.
1703 3405 1721 3435 7
1746 3410 1780 3436 et
1809 3406 1868 3443 ll,
1907 3404 1998 3445 quod
2023 3414 2094 3436 non
2122 3404 2224 3436 debui
2250 3405 2407 3436 omittere
2432 3404 2523 3439 lectt.
2549 3404 2701 3446 Abulph.
2730 3404 2743 3434 1

184 3467 218 3498 p.
246 3457 308 3496 36,
334 3467 543 3500 quamquam
568 3470 638 3492 non
664 3461 847 3493 concinere
873 3463 1035 3495 videntur
1061 3463 1126 3495 loci
1152 3462 1196 3495 ab
1220 3473 1261 3495 eo
1285 3462 1415 3495 laudati
1442 3463 1693 3496 Assemaniani.

2511 3534 2530 3565 2
