2998 3934
2732 174 2764 219 3

368 309 370 311 ’
422 305 722 353 Bibliothecae
749 305 979 354 Nanianae
1017 304 1221 351 codicum
1251 303 1545 357 Orientalium
1574 302 1725 347 Iacobi
1755 301 1915 355 Nanii,
1958 302 2117 345 nobilis
2148 301 2331 355 Veneti,
2370 303 2490 346 iussu
2519 305 2766 361 catalogum

209 383 313 428 fecit
337 382 500 429 abhinc
528 395 666 426 annos
694 381 787 425 fere
815 380 1042 438 octoginta
1061 378 1321 435 Pataviique
1351 377 1506 421 Italico
1535 392 1735 421 sermone
1765 376 1978 433 scriptum
2009 376 2139 420 edere
2168 378 2315 433 coepit
2344 393 2382 419 a.
2417 378 2525 419 1787
2548 378 2767 433 professor

208 462 303 500 tum
331 454 572 499 Patavinus
599 453 756 501 Simon
785 454 1054 498 Assemmms
1073 453 1129 510 ¹),
1169 452 1346 496 natione
1376 450 1516 508 Syrus
1539 468 1570 495 ,e
1599 457 1729 509 gente
1758 457 1963 507 sectaque
1992 451 2199 494 ecclesiae
2229 450 2416 495 Latinae
2446 451 2587 494 amica
2616 451 2767 494 Maro·

209 529 424 582 unarum,
453 543 553 573 cum
575 527 829 575 Assemanis
856 527 943 573 illis
971 527 1029 572 de
1056 526 1304 572 litterarum
1317 524 1611 570 Orientalium
1642 524 1759 581 apud
1777 524 2036 590 Europaeos
2065 524 2315 581 cognitione
2344 525 2568 582 praeclare
2588 526 2767 578 meritis,

208 601 400 659 Iosepho
427 601 648 657 simonio,
692 601 886 659 Iosepho
916 600 1128 658 Aloysio‚
1175 599 1400 657 Stephano
1428 598 1606 658 Euodio
1619 632 1632 651 ‚
1676 615 1864 654 quorum
1902 599 2072 655 primus
2112 600 2182 641 avi
2219 601 2375 650 frater,
2418 600 2572 642 Italice
2603 601 2768 656 prozio,

207 675 264 721 ab
301 691 354 721 eo
382 675 653 735 adpellatur,
693 691 854 733 genere
884 675 1159 720 coniunctus.
1219 671 1374 717 Codex
1404 689 1534 730 quem
1566 672 1723 729 quinto
1754 681 1796 716 et
1825 674 2044 717 tricesimo
2074 673 2171 716 loco
2203 673 2413 717 describit
2442 674 2661 716 Arabicus
2691 682 2768 718 est.

208 749 488 806 chartaceus,
517 743 682 794 formae
713 758 826 807 quae
856 748 1019 793 dicitur
1049 754 1251 802 octavae,
1295 737 1555 805 paginarum
1585 747 1765 805 viginti.
1796 748 1949 792 aetatis
1978 749 2193 800 incertae3
2240 755 2305 791 est
2333 748 2447 791 enim
2480 764 2566 790 non
2597 748 2768 804 integer

170 841 173 851 ·
208 831 254 869 et
290 820 591 882 fragmentum
625 832 809 869 vocatur
849 823 904 867 ab
944 823 1202 867 Assemano.
1273 822 1599 878 Argumentum
1640 821 1702 865 sic
1740 822 1907 865 indicat
1942 822 2108 866 editor:
2173 822 2429 877 compendia
2464 824 2616 864 stov-ico
2654 823 2772 877 deylae'

207 898 469 943 Har-amiciti
503 899 551 942 di
577 898 642 942 Al
670 898 833 943 Hakim
861 897 1042 942 Hainan
1081 896 1159 940 ehu
1189 896 1318 939 Isaac
1347 897 1395 938 al
1403 894 1603 947 -Obadi;
1646 895 1838 939 Arabice
1876 907 2002 939 sonat
2031 897 2295 939 Mocktasser
2326 897 2464 938 tar-ich
2496 897 2543 938 al
2573 897 2769 953 haramse

209 973 347 1031 taliplc
378 974 426 1016 al
453 973 602 1017 hakim
630 989 667 1018 e.
699 989 743 1031 q.
774 989 832 1026 s.;
880 971 1216 1017 Wiistenfeldus
1246 970 1511 1016 Geschichte
1541 970 1584 1014 d.
1615 970 1732 1014 arab.
1760 973 1922 1016 Aerzte
1953 988 1995 1015 u.
2017 971 2362 1016 Naturforscher
2392 988 2434 1027 p.
2467 973 2522 1014 28
2553 972 2768 1027 interpre-

207 1055 345 1092 tatur:
409 1047 710 1105 Compendium
755 1049 956 1092 historiae
1000 1047 1259 1091 Hei-metum.
1326 1046 1384 1089 Al
1441 1045 1588 1089 hakim
1644 1045 1882 1103 sapientem
1936 1046 2176 1103 significat,
2232 1062 2321 1102 quo
2379 1046 2553 1089 nomine
2601 1046 2769 1089 Arabes

205 1122 519 1180 philosophum
549 1132 594 1167 et
622 1123 839 1167 medicum
871 1122 1106 1179 adpellant.
1170 1120 1346 1164 Nomen
1377 1120 1568 1163 auctoris
1597 1120 1761 1162 rectius
1790 1127 1972 1163 vocatur
1997 1120 2175 1163 Honain
2206 1122 2405 1192 (04³²)
2436 1137 2567 1177 quam
2595 1120 2767 1163 Hainan

207 1192 427 1269 (dh-2),
468 1197 645 1254 punctis
684 1197 921 1241 diacriticis
950 1196 1000 1239 Ie
1039 1203 1083 1239 et
1110 1195 1219 1238 Nun
1258 1195 1501 1238 litterarum
1540 1194 1656 1237 inter
1691 1210 1737 1237 se
1776 1196 2053 1252 permutatis;
2096 1212 2176 1240 nec
2207 1195 2340 1239 dubie
2371 1195 2590 1239 indicatur
2625 1196 2767 1252 philo-

206 1271 370 1331 sophus
399 1274 604 1330 idemque
633 1272 830 1317 medicus
850 1278 894 1315 et
913 1272 1130 1327 interpres
1149 1269 1414 1326 scriptorum
1437 1268 1717 1314 Graecorumx
1729 1269 1993 1312 clarissimus
2017 1269 2195 1312 Honain
2216 1270 2355 1313 Isaaci
2377 1270 2493 1312 filius
2514 1270 2717 1312 Ebadita.
2731 1273 2769 1327 ²)

206 1344 421 1392 Ebaditae
461 1347 553 1394 sive
581 1345 801 1401 Ibaditae,
847 1339 923 1403 qui
966 1345 1110 1389 minus
1149 1337 1266 1388 recte
1303 1343 1390 1388 dici
1428 1342 1635 1387 videntur
1666 1342 1882 1387 Obaditae
1896 1378 1906 1397 ,
1951 1344 2157 1401 adpellati
2198 1362 2223 1386 a
2252 1360 2359 1387 voce
2390 1345 2500 1387 ebad
2531 1347 2621 1388 sive
2652 1346 2768 1389 ibad.

206 1434 295 1477 qua
322 1421 437 1464 servi
465 1422 495 1465 i.
526 1438 562 1465 e.
593 1420 785 1465 cultores
814 1420 901 1463 Dei
932 1422 1023 1464 sive
1053 1419 1251 1463 homines
1281 1418 1493 1476 religione
1522 1434 1573 1462 ac
1603 1418 1766 1475 pietate
1796 1418 1990 1474 insignes
2019 1420 2347 1476 significantur.
2379 1427 2523 1467 erant.
2556 1429 2604 1463 ut
2624 1421 2767 1463 Abul-

207 1493 446 1552 pharagius
474 1512 517 1553 p.
551 1497 629 1538 171
664 1502 708 1538 et
738 1492 1083 1539 Gemaleddinus
1112 1509 1181 1550 ap.
1213 1493 1354 1537 Casir.
1387 1492 1413 1535 I
1441 1508 1484 1549 p.
1515 1493 1601 1535 286
1634 1491 1888 1548 (Wenrich.
1920 1509 1963 1549 p.
1996 1493 2072 1548 96)
2104 1493 2281 1543 dicunt,
2312 1493 2552 1537 Christiani
2583 1511 2606 1537 e
2637 1496 2769 1538 variis

204 1569 408 1613 tribubus
452 1569 648 1622 conflati,
694 1569 771 1625 qui
816 1584 954 1625 prope
993 1567 1176 1621 Hiram,
1221 1567 1345 1624 (Syri
1386 1566 1561 1609 Hirtam
1607 1566 1864 1621 dicebant.)
1911 1566 2180 1622 Babyloniae
2226 1568 2460 1624 oppidum,
2505 1569 2549 1609 in
2595 1569 2771 1611 castella

206 1642 420 1699 quaedam
458 1642 514 1688 ab
537 1642 661 1701 ‘ipsis
700 1649 922 1698 exstructa
951 1648 1238 1694 secesserant,
1282 1648 1348 1695 et,
1393 1648 1525 1706 ut‘ex
1553 1640 1607 1684 iis
1635 1640 1907 1696 intellegitur
1938 1658 2048 1696 quae
2078 1640 2355 1698 Sprengerus
2384 1642 2569 1692 adtulit,
2617 1644 2765 1685 Leben

205 1715 297 1760 und
328 1716 475 1762 Lehre
508 1716 585 1762 des
614 1715 900 1760 Mohammad
930 1716 954 1760 I
984 1733 1027 1774 p.
1061 1718 1128 1760 14.
1162 1716 1269 1769 132,
1299 1715 1385 1758 iam
1401 1714 1727 1758 Muhammedis
1757 1715 1997 1771 prophetae
2027 1724 2223 1773 tempore
2254 1717 2443 1772 quadam
2474 1717 2699 1760 doctrinae
2720 1734 2769 1761 ac

204 1790 449 1835 litterarum
490 1791 619 1835 laude
660 1790 886 1835 florebant.
960 1792 1090 1835 Adde
1126 1790 1317 1834 Pocock.
1358 1791 1532 1848 specim.
1564 1789 1716 1833 histor.
1749 1791 1886 1833 Arab.
1918 1806 1959 1847 p.
1991 1792 2048 1833 84
2075 1806 2169 1848 sqq.
2207 1793 2287 1834 137
2316 1792 2383 1834 ed.
2417 1791 2562 1836 Oxon.
2594 1794 2718 1835 1650.
2733 1794 2768 1849 ³)

204 1865 276 1909 Ex
333 1865 401 1910 his
459 1866 691 1910 Honainus
750 1874 874 1925 patre
937 1866 1054 1925 apud
1113 1866 1323 1910 Hirenses
1381 1865 1719 1923 pharmacopola
1777 1873 1926 1919 natus,
1986 1874 2103 1910 secta
2164 1866 2477 1916 Nestorianus,
2538 1874 2767 1925 postquam

204 1940 404 1998 Bagdadi
462 1941 544 1985 sub
600 1940 796 1984 Iohanne
856 1940 1012 1984 Mesue
1074 1942 1158 1984 arti
1218 1941 1433 1994 medicae,
1503 1941 1547 1982 iu
1609 1940 1797 1983 Romani
1855 1940 2027 1998 imperii
2085 1940 2247 1984 finibus
2261 1942 2298 1997 4)
2357 1941 2513 1985 litteris
2573 1941 2769 1988 Graecis.

424 2144 447 2187 ¹)
472 2143 680 2178 Inscribitur
714 2143 821 2177 liber:
875 2142 1040 2187 Cataloqo
1072 2143 1123 2177 de'
1154 2142 1276 2177 Codici
1306 2143 1527 2177 Manoscritti
1561 2142 1735 2176 Orientali
1743 2142 1747 2146 ’
1768 2144 1861 2175 della
1895 2142 2085 2175 Biblioteea
2116 2141 2302 2183 Noniano,
2342 2146 2520 2187 compilato
2554 2145 2635 2178 dall
2661 2147 2770 2177 Aban>

205 2202 342 2235 Simone
366 2203 564 2243 Αεεεηιαπί,
589 2201 790 2245 Professores
818 2202 857 2235 di
879 2200 1016 2247 Linque
1041 2200 1214 2235 Orientali
1236 2202 1294 2236 nel
1315 2200 1508 2236 Seminario
1533 2211 1552 2234 e
1575 2198 1678 2235 Socio
1702 2199 1781 2234 dete
1806 2199 2019 2235 Accadems'a
2043 2199 2132 2235 delle
2158 2198 2319 2243 Scienze,
2347 2200 2445 2237 Belle
2465 2201 2602 2237 Lettere
2628 2203 2673 2237 ed
2687 2205 2772 2237 Arri

208 2262 247 2292 ds·
275 2261 428 2293 Padova.
493 2260 540 2292 Vi
567 2261 593 2291 ε’
624 2262 800 2303 aqqiunqe
837 2261 859 2292 F
884 2261 1132 2293 Illustrazione
1169 2261 1259 2293 delle
1290 2260 1426 2293 Monere
1461 2258 1597 2304 Cuflcke
1630 2259 1688 2292 del
1714 2258 1835 2291 Mueeo
1864 2256 2039 2292 Noniano.
2096 2258 2139 2292 In
2170 2258 2330 2298 Padova,
2369 2260 2462 2295 della
2490 2259 2684 2307 Stampert’a
2715 2262 2772 2295 del

207 2317 411 2353 Seminario.
462 2317 756 2352 MDGCLXXX
765 2319 848 2352 VH.
902 2319 972 2352 Con
1005 2321 1139 2352 lieenza
1170 2319 1221 2351 de'
1246 2318 1437 2363 Superiori.
1488 2319 1652 2351 Continet
1684 2320 1936 2360 quinquaginta
1960 2319 2118 2350 codicum
2143 2329 2183 2350 ac
2208 2321 2352 2352 totidem
2377 2331 2595 2352 nummorum
2621 2322 2769 2364 descrip-

212 2378 351 2412 tionem.
401 2378 526 2412 Altera
548 2388 629 2421 pars
653 2378 747 2411 edita
771 2379 881 2412 fertur
905 2389 936 2414 a.
965 2379 1071 2412 1792.

421 2438 446 2479 ²)
475 2437 665 2469 Memoriae
698 2437 925 2480 prodiderunt
956 2437 999 2470 de
1014 2434 1065 2470 'eo
1091 2435 1362 2470 Gemaleddinus
1387 2446 1440 2479 ap.
1468 2435 1577 2470 Casir.
1603 2435 1621 2469 I
1647 2448 1677 2479 p.
1705 2435 1772 2470 ‘286
1799 2447 1848 2478 sq.
1877 2435 2161 2479 Abulpharagius
2188 2449 2219 2479 p.
2251 2438 2312 2469 171
2341 2448 2415 2479 sqq.
2469 2438 2709 2471 Barhebraeus
2735 2452 2767 2481 p.

218 2498 283 2528 173
310 2507 360 2539 sq.
386 2503 421 2527 et
449 2506 504 2538 ap.
529 2496 556 2527 Ι.
583 2495 619 2530 S.
645 2497 878 2529 Assemanum
902 2496 1061 2529 biblioth.
1087 2496 1209 2529 orient.
1236 2495 1403 2530 Clement.
1428 2496 1539 2529 Vatic.
1569 2496 1715 2539 (Romae
1743 2496 1872 2529 1719-
1884 2496 1943 2536 28)
1970 2495 2006 2529 11
2032 2506 2064 2539 p.
2093 2497 2161 2531 270
2188 2507 2262 2539 sqq.
2288 2496 2367 2530 438.
2418 2496 2629 2540 Abulpheda
2653 2500 2768 2532 annal.

207 2557 362 2587 muslem.
388 2556 425 2586 11
449 2566 483 2596 p.
499 2556 585 2594 245,
611 2561 650 2585 ut
673 2556 829 2586 omittam
845 2555 1250 2593 Ibn-Abi-Osaibiam‚
1276 2555 1644 2595 Ibn-Challikanum‚
1670 2554 1944 2587 Ibn·Schonam
1968 2564 1990 2587 a
2014 2565 2069 2587 me
2094 2565 2164 2587 non
2190 2556 2292 2588 visos.
2343 2556 2373 2588 E
2398 2556 2648 2589 recentioribus
2673 2557 2769 2590 dixe-

206 2620 287 2647 runt
310 2614 353 2646 de
384 2624 426 2646 eo
451 2614 479 2646 1.
504 2612 541 2647 S.
586 2615 800 2645 Assemanus
825 2613 907 2646 bibl.
933 2625 983 2646 or.
1010 2613 1063 2646 Cl.
1090 2614 1170 2645 Vat.
1195 2613 1267 2652 111,
1303 2615 1319 2644 1
1347 2624 1380 2654 p.
1409 2615 1475 2645 184
1501 2624 1551 2654 sq.
1602 2614 1772 2655 Herbelot
1797 2613 1878 2645 bibl.
1905 2615 2028 2646 orient.
2056 2625 2088 2648 v.
2117 2615 2275 2655 Honain,
2313 2615 2475 2647 Reiskius
2499 2616 2543 2647 ad
2570 2616 2769 2659 Abulphed.

206 2672 242 2706 11
267 2684 300 2716 p.
326 2673 406 2706 322.
456 2672 634 2706 Lorsbach
661 2671 794 2705 Archiv
827 2672 851 2705 f.
877 2671 961 2705 bibl.
988 2683 1022 2705 u.
1049 2671 1289 2714 morgenland.
1313 2672 1487 2704 Lioeratur
1511 2672 1548 2704 11
1572 2683 1606 2714 p.
1635 2674 1716 2705 209.
1769 2674 1860 2704 Weil
1888 2672 2096 2705 Geschichte
2122 2674 2155 2705 d.
2183 2673 2344 2706 Chalifen
2369 2674 2406 2705 11
2430 2686 2463 2716 p.
2491 2677 2556 2707 281
2585 2687 2659 2716 sqq.
2686 2678 2765 2711 371,

206 2731 581 2774 Hammer-Purgstall
606 2730 911 2773 Litteraturgesch.
939 2731 972 2762 d.
999 2730 1136 2762 Araber
1161 2730 1213 2761 IV
1244 2740 1276 2772 p.
1304 2730 1371 2762 338
1400 2740 1474 2772 sqq.
1523 2730 1637 2763 Buhle
1662 2731 1705 2763 de
1730 2731 1807 2764 libr.
1836 2732 1980 2764 Aristot.
2005 2732 2249 2773 interpretibus
2275 2732 2436 2765 Arabicis
2462 2734 2497 2765 in
2518 2735 2663 2766 Aristot.
2689 2745 2767 2777 opp.

207 2790 224 2822 1
246 2800 279 2832 p.
306 2791 386 2823 320.
412 2791 492 2824 325.
542 2789 650 2823 Gartz
681 2790 724 2822 de
755 2790 947 2832 interprett.
973 2789 1110 2821 Euclid.
1140 2789 1249 2821 Arab.
1276 2800 1309 2831 p.
1338 2789 1380 2822 25
1406 2795 1441 2821 et
1464 2790 1500 2822 in
1525 2790 1663 2822 Erschii
1689 2796 1723 2822 et
1747 2789 1898 2822 Gruberi
1925 2791 2205 2832 Encyclopaedia
2229 2791 2282 2831 11,
2320 2793 2364 2824 10
2388 2802 2421 2833 p.
2448 2792 2517 2824 353
2542 2803 2591 2833 sq.
2644 2793 2764 2836 Flfigel

206 2849 249 2881 de
272 2849 381 2882 Arab.
412 2850 543 2892 scriptt.
570 2848 694 2884 Graec.
726 2848 971 2891 interpretibus
1001 2859 1033 2890 p.
1062 2848 1105 2880 15
1138 2858 1190 2890 sq.
1221 2853 1257 2880 et
1287 2848 1323 2880 in
1355 2848 1477 2883 Ersch.
1510 2854 1544 2880 et
1572 2847 1721 2881 Gruber.
1747 2849 1892 2891 Encycl.
1918 2849 1973 2890 11,
2016 2851 2058 2882 10
2090 2860 2123 2892 p.
2150 2850 2220 2882 354
2245 2860 2296 2892 sq.
2361 2850 2529 2883 Wenrich
2561 2852 2603 2883 de
2634 2857 2764 2885 auctor.
2808 2849 2816 2859 '

206 2906 372 2941 Graecor.
410 2908 597 2941 versionib.
634 2914 669 2941 et
701 2912 914 2940 commentar
946 2906 1024 2950 Syr.
1051 2907 1160 2941 Arab.
1185 2908 1330 2939 Armen.
1356 2907 1451 2942 Pers.
1485 2918 1517 2950 p.
1547 2908 1590 2940 16
1622 2918 1697 2951 sqq.
1730 2909 1774 2941 26
1809 2919 1858 2951 sq.
1893 2909 1949 2942 96.
2022 2909 2241 2941 Wsistenfeld
2268 2909 2376 2941 Arab.
2403 2911 2531 2942 Aerzte
2562 2921 2594 2952 p.
2622 2911 2666 2945 26
2691 2921 2767 2955 sqq.

205 2966 375 3010 Sprengel
399 2965 527 3000 Gesch.
559 2967 592 3003 d.
621 2967 880 3011 Arzneykunde
910 2966 964 2999 ed.
997 2971 1074 2999 tert.
1099 2966 1137 2998 11
1164 2977 1197 3008 p.
1223 2966 1292 2998 3⁷5
1317 2976 1392 3008 sqq.
1442 2967 1668 3000 Ackermann
1693 2969 1924 3001 institutionn.
1950 2969 2029 3000 hist.
2056 2969 2147 3000 med.
2173 2969 2203 3010 ξ.
2229 2969 2310 3001 379.
2337 2970 2418 3002 380.
2468 2969 2625 3002 Brucker
2648 2971 2768 3002 histor.

204 3025 401 3069 philosoph.
437 3025 494 3058 ΠΙ
527 3036 560 3069 p.
588 3028 632 3060 28
658 3037 709 3069 sq.
776 3025 973 3068 Ueberweg
998 3024 1150 3058 Grundr.
1184 3024 1218 3059 d.
1244 3023 1372 3058 Gesch.
1406 3025 1439 3058 d.
1466 3025 1598 3059 Philos.
1632 3027 1686 3060 ed.
1717 3027 1777 3060 alt.
1802 3027 1839 3059 11
1864 3039 1897 3069 p.
1926 3028 2003 3060 157.
2060 3026 2188 3060 Grasse
2212 3027 2350 3069 allgem.
2377 3028 2629 3070 Literargesch.
2656 3029 2710 3068 11,
2741 3033 2770 3069 1,

205 3095 238 3126 p.
263 3086 344 3117 481.
371 3085 439 3117 549
464 3094 515 3126 sq.
540 3085 600 3117 alii
628 3085 672 3118 ab
697 3086 752 3118 his
777 3085 925 3125 laudati,
950 3094 972 3117 a
996 3094 1051 3116 me
1075 3093 1146 3116 non
1169 3084 1246 3116 visi.

419 3142 447 3185 ⁸)
472 3142 555 3176 Fuit
580 3144 704 3178 eodem
731 3145 873 3178 nomine
901 3148 995 3177 secta
1019 3142 1272 3183 Islamitarum,
1297 3142 1340 3175 de
1365 3152 1434 3186 qua
1450 3141 1697 3177 Schahrastan.
1721 3144 1739 3177 1
1764 3155 1797 3187 p.
1819 3145 1896 3178 129.
1926 3146 1988 3178 151
2016 3156 2090 3188 sqq.
2117 3152 2150 3178 et
2175 3156 2261 3187 quos
2286 3146 2399 3178 adfert
2424 3146 2710 3179 Haarbrsickerus
2734 3147 2771 3179 11

204 3211 240 3243 p.
264 3203 345 3236 405.
373 3204 455 3236 406.

417 3263 446 3303 ⁴)
471 3262 527 3295 Ita
540 3261 815 3295 Gemaleddinus
841 3268 877 3295 et
889 3262 1132 3295 Barhebraeus
1145 3260 1441 3304 Abulpharagius.
1489 3262 1833 3295 Ibn-Abi-Osaibia
1856 3273 1910 3306 ap.
1932 3264 2110 3297 Wenrich.
2135 3274 2168 3307 p.
2196 3265 2239 3298 16
2263 3265 2313 3297 ait
2336 3265 2497 3298 didicisse
2521 3275 2600 3298 eum
2616 3265 2768 3306 linguam

204 3317 375 3352 Graecam
401 3321 658 3360 Alexandriae,
692 3331 762 3361 qno
792 3321 1001 3362 intelligitur
1030 3321 1095 3352 sub
1120 3320 1361 3361 chaliphamm
1385 3321 1530 3362 imperio
1553 3331 1598 3352 ne
1622 3327 1693 3353 tum
1719 3323 1858 3363 quidem
1884 3323 2122 3354 Alexandriae
2135 3321 2289 3355 Graecas
2317 3324 2448 3355 litteras
2472 3323 2653 3355 interiisse.
2696 3322 2768 3358 Cfr.

206 3377 399 3411 Beniamin.
425 3377 550 3413 Tudel.
576 3378 731 3412 itinerar.
758 3390 791 3421 p.
821 3380 884 3412 121
915 3379 969 3413 ed.
996 3379 1108 3421 Lugd.
1133 3378 1209 3412 Bat.
1238 3379 1340 3413 1633.
