2998 3934
2716 212 2745 259 7

180 356 332 394 natum
373 365 411 393 a.
435 347 583 401 1086,
627 352 853 392 mortuum
889 362 929 388 a.
961 346 1089 394 1153.
1107 345 1159 402 ¹)x
1199 344 1287 390 Sed
1325 344 1444 396 hunc
1486 357 1665 401 quoque
1704 344 1851 387 locum
1889 350 1939 386 ut
1974 343 2232 387 addiu'cium
2263 359 2355 388 esse
2386 353 2591 400 putemus
2620 344 2747 401 plura

180 430 283 469 sunt
310 437 424 480 qnae
452 420 687 476 madeant,
715 421 838 478 quod
867 428 913 464 et
939 428 1112 479 pugnat
1137 434 1239 464 oum
1268 418 1570 477 superioribus
1601 426 1647 462 et
1671 419 1793 463 salva
1820 417 2035 463 sententia
2055 417 2188 462 eximi
2217 425 2375 475 potest,
2404 424 2449 461 et
2462 417 2746 463 Schahrasta-

181 499 299 545 nitae
334 495 482 554 ,copiis
526 496 562 540 si
605 497 672 541 uti
718 495 930 540 voluisset
971 492 1126 541 auctor
1164 495 1272 540 libri
1309 500 1354 537 et
1393 493 1521 551 plura
1559 500 1604 536 et
1641 493 1846 549 graviora
1875 492 2114 537 adtulisset.
2176 492 2456 550 Quamquam
2487 509 2600 551 quae
2629 494 2746 553 apud

184 571 508 619 Bai-hebraeum
536 586 580 629 p.
601 573 628 615 5
657 565 728 627 sq.¹
754 569 1139 628 Abulpharagium
1167 585 1211 626 p.
1234 570 1258 610 7
1289 584 1356 625 sq.
1385 568 1593 625 leguntur
1623 576 1692 621 et,
1731 575 1946 623 quantum
1976 567 2155 623 quidem
2186 584 2240 609 ex
2271 569 2324 612 iis
2354 583 2467 626 quae
2497 568 2696 612 Casirius
2725 570 2748 611 1

181 664 227 706 p.-
251 646 335 691 375
365 661 430 703 sq.
460 645 679 702 excerpsit
716 644 1002 697 conficiatur,
1044 659 1095 687 ea
1130 659 1308 700 quoque
1348 658 1461 699 quae
1502 641 1848 688 Gemaleddinus
1889 641 1944 684 de
1984 641 2195 684 Hermete
2226 642 2523 700 Asclepioque
2558 645 2747 702 scripsit,

180 730 276 766 tum
315 728 419 766 sunt
454 719 541 766 hoc
569 736 624 763 ex
653 720 774 763 fonte
803 718 978 772 hausta,
1023 735 1162 775 quum
1191 719 1277 761 iam
1309 725 1421 761 esset
1449 717 1763 760 additamentis
1792 717 1878 759 illis
1906 725 2082 764 auctus,
2129 732 2240 772 quae
2270 718 2315 759 in
2347 719 2443 775 ipso
2473 718 2592 760 fonte
2622 719 2746 762 facile

181 793 514 847 discernuntur,
537 793 591 835 viu
620 791 788 836 haustis
821 810 909 835 non
939 793 1058 836 item.
1070 794 1110 849 2)
1168 792 1258 835 Res
1285 793 1347 834 ita
1375 792 1551 834 videtur
1572 791 1782 848 explicari
1805 805 1953 847 posse,
1985 798 2036 833 ut
2050 791 2281 845 Honaino,
2313 806 2413 834 cum
2434 782 2555 834 {velut
2574 791 2747 835 scholae

184 868 357 912 cuidam
387 868 678 924 interpretum
707 875 950 925 praeesset,
979 866 1097 910 idem
1125 867 1218 909 fere
1248 865 1368 922 quod
1387 865 1618 908 Aristoteli
1649 866 1842 909 evenisse
1872 871 2134 919 statuamus,
2165 872 2216 908 ut
2242 865 2344 908 libri
2364 865 2419 908 ab
2440 866 2535 923 ipso
2556 867 2747 924 primum

185 942 373 997 conditi,
401 941 478 986 sed
508 957 535 985 a
563 925 791 999 discipulis
820 949 865 986 et
893 940 1219 986 successoribus
1247 940 1524 995 interpolati,
1554 956 1609 983 ne
1640 940 1703 984 sic
1733 938 1913 995 quidem
1943 939 2079 982 tribui
2110 941 2149 981 ei
2181 948 2312 996 atque
2343 941 2436 983 eius
2468 941 2549 982 sub
2572 941 2746 982 nomine

185 1018 288 1062 ferri
318 1016 580 1060 desinerent.
639 1015 1029 1072 Interpretationes
1058 1013 1236 1071 quidem
1267 1021 1384 1057 certe
1405 1014 1590 1071 aliorum
1611 1014 1666 1057 ab
1687 1014 1783 1072 ipso
1804 1013 2079 1059 denominari
2100 1014 2248 1058 solitas
2268 1016 2502 1058 memoriae
2524 1014 2746 1072 proditum

185 1099 262 1136 est.
323 1089 499 1134 certius
529 1098 674 1135 autem
705 1107 757 1134 ea
784 1090 839 1133 de
867 1106 916 1132 re
945 1089 1131 1133 iudicari
1161 1089 1339 1147 poterit,
1369 1105 1470 1132 cum
1500 1089 1811 1134 Gemaleddini
1844 1096 1887 1131 et
1917 1088 2246 1133 Muhammedis
2276 1089 2415 1133 Isaaci
2446 1090 2476 1132 f.
2506 1090 2629 1133 libris
2660 1106 2745 1133 non

186 1167 271 1208 iam
302 1166 522 1209 frustatim
552 1166 618 1208 uti
647 1166 810 1208 licebit.

396 1238 609 1296 Sequitur
637 1255 680 1297 p.
711 1241 765 1282 57
795 1256 860 1296 sq.
890 1241 1014 1283 locus
1053 1239 1108 1282 de
1137 1234 1434 1295 Empedocle,
1478 1255 1577 1282 nam
1620 1239 1705 1281 hoc
1745 1253 1922 1293 quoque
1964 1253 2122 1280 nomen
2152 1239 2207 1280 ab
2239 1238 2372 1294 Eliph
2404 1238 2549 1280 littera
2578 1239 2746 1295 incipit.

185 1313 330 1369 Quem
359 1312 479 1369 quod
510 1312 619 1357 dicit
654 1314 706 1356 de
735 1314 942 1356 creatione
970 1313 1120 1355 mundi
1148 1320 1189 1354 et
1217 1313 1268 1354 de
1298 1312 1397 1354 aliie
1424 1312 1551 1355 rebus
1587 1312 1786 1354 locutum
1828 1327 1919 1354 esse
1950 1319 1995 1354 et
2022 1312 2267 1368 scripsisse,
2310 1320 2455 1369 potest
2482 1312 2528 1354 id
2568 1313 2746 1368 quidem

185 1386 241 1430 ad
253 1386 537 1445 Empedoclis
566 1370 666 1444 πὲρὶ
696 1388 867 1444 φύσεως
894 1387 1058 1431 librum
1088 1386 1333 1444 pertinere3
1364 1385 1484 1442 quod
1513 1394 1713 1443 tempore
1746 1385 1933 1429 Davidis
1963 1384 2161 1429 floruisse
2191 1402 2291 1429 eum
2322 1387 2385 1430 ait
2413 1395 2458 1430 et
2481 1403 2507 1429 a
2522 1386 2746 1430 Locmano

184 1461 379 1518 sapiente
406 1461 729 1518 philosophiam
760 1462 805 1504 in
826 1461 956 1519 Syria
984 1462 1216 1519 accepisse,
1248 1475 1348 1502 cum
1379 1461 1534 1504 ceteris
1560 1460 1787 1504 Asabibus
1816 1460 2108 1516 halucinatur,
2139 1477 2181 1503 v.
2202 1459 2451 1506 Schahrast.
2474 1460 2522 1505 Π
2542 1476 2584 1519 p.
2608 1463 2664 1506 90
2683 1477 2746 1519 sq.

188 1534 455 1593 Abulpheda
482 1535 584 1580 hist.
615 1536 853 1580 anteislam.
884 1551 937 1593 ρ..
961 1537 1042 1579 153
1072 1550 1136 1592 sq.
1197 1535 1410 1581 Barhebr.
1441 1549 1483 1593 p.
1517 1536 1570 1578 18
1600 1550 1665 1592 sq.
1726 1535 1973 1593 Abulphar.
2005 1548 2047 1593 p.
2080 1536 2157 1589 333
2189 1536 2266 1579 cfr.
2299 1534 2519 1581 Wenrich
2542 1553 2584 1595 p.
2607 1539 2663 1581 90
2683 1553 2746 1594 sq.

185 1610 394 1653 Immanis
424 1618 490 1653 est
516 1627 620 1654 sane
648 1627 771 1654 error
800 1612 1033 1668 temporis,
1076 1626 1158 1654 nec
1187 1611 1383 1669 suppetit
1411 1611 1520 1653 tanti
1549 1610 1697 1668 lapsus
1728 1624 1880 1654 caussa
1896 1644 1906 1664 ,
1951 1611 2207 1668 praesertim
2251 1611 2295 1654 in
2325 1627 2376 1654 eo
2407 1612 2484 1667 qui
2515 1610 2747 1656 Graeciam

186 1685 376 1727 vidisset.
436 1685 498 1726 Et
526 1684 795 1742 Abulpheda
824 1684 1002 1741 quidem
1042 1692 1266 1728 auctorem
1300 1685 1519 1742 sequitur,
1558 1691 1610 1728 ut
1648 1684 1742 1743 ipse
1782 1684 1863 1738 ait,
1904 1683 2325 1738 Schahrastanitam3
2368 1685 2547 1743 reliqui.
2588 1686 2748 1742 quibus

187 1760 316 1801 etiam
358 1758 725 1802 Gemaleddinum
772 1767 816 1802 et
850 1759 1335 1804 Ibn-Abi-Osaibiam
1375 1759 1539 1803 addere
1579 1758 1763 1802 forsitan
1802 1758 1978 1803 licuerit
2008 1758 2187 1816 (Wenr.
2219 1775 2262 1817 p.
2293 1759 2379 1804 IX.
2418 1758 2635 1804 Wustenf.
2668 1760 2746 1802 Ar.

187 1834 336 1876 Aerzt.
368 1848 410 1891 p.
445 1836 572 1890 133),
607 1835 708 1877 libri
739 1834 925 1877 alicuius
954 1833 1227 1892 suppositicii
1257 1833 1411 1877 fraude
1441 1833 1614 1892 decepti
1642 1832 1870 1886 videntur,
1905 1833 1982 1889 qui
2012 1832 2167 1877 dubito
2197 1849 2252 1876 an
2283 1850 2337 1877 ne
2369 1834 2538 1878 Graece
2570 1834 2747 1890 quidem

189 1923 396 1963 umquam
435 1897 624 1966 scriptus
661 1909 813 1961 fuerit3
859 1916 977 1951 certe
1013 1908 1267 1965 interpretis
1307 1907 1426 1950 nulla
1462 1908 1513 1951 fit
1553 1907 1745 1958 mentio;
1791 1906 1868 1950 sed
1909 1906 1962 1949 iis
2004 1906 2277 1963 temporibus
2319 1907 2546 1961 conditus,
2587 1909 2747 1964 quibus

189 1981 438 2024 Abbasidae
477 1981 730 2038 chaliphatu
769 1996 910 2039 nuper
951 1982 1081 2039 potiti
1123 1987 1167 2024 et
1203 1981 1521 2024 Motazalarum
1559 1980 1758 2023 haereses
1798 1980 2112 2023 invalescentes
2143 1987 2187 2024 et
2215 1982 2437 2026 nascentia
2478 1981 2746 2027 Graecarum

188 2054 430 2096 litterarum
469 2056 614 2099 studia
652 2056 840 2099 invicem
879 2072 973 2112 sese
1001 2055 1286 2109 adiuvarent,
1329 2063 1565 2099 exornatus
1605 2062 1751 2098 autem
1790 2070 1842 2097 eo
1882 2055 2085 2108 nomine,
2126 2055 2246 2111 quod
2278 2055 2474 2100 Graecae
2511 2058 2747 2114 sapientiae

187 2128 464 2186 splendorem
495 2129 755 2185 offunderet,
786 2145 923 2188 eaque
953 2130 1227 2187 antiquitate,
1258 2146 1346 2186 qua
1374 2130 1627 2183 adversarii,
1658 2145 1796 2185 aeque
1826 2129 2033 2171 nimirum
2054 2129 2185 2173 rudes
2216 2130 2261 2171 in
2292 2138 2542 2188 temporum
2563 2132 2745 2185 ratione,

187 2202 530 2261 obstupefierent
567 2220 618 2249 ac
656 2203 1021 2263 profligarentur,
1065 2205 1157 2249 sive
1196 2205 1234 2249 is
1272 2204 1383 2249 liber
1424 2203 1748 2263 metaphysicus
1778 2203 1852 2247 ille
1882 2203 1990 2258 fuit,
2036 2220 2166 2261 quem
2196 2206 2315 2249 solus
2344 2205 2517 2264 Hagius
2547 2206 2748 2264 Chalpha

188 2286 522 2333 commemorat,
551 2280 642 2322 sive
670 2280 730 2333 is,
760 2296 848 2336 quo
879 2280 952 2323 hic
980 2288 1026 2323 et
1052 2272 1413 2338 A'bulpharagius
1434 2279 1741 2321 Barhebraeus
1770 2279 2111 2323 immortalitatis
2140 2294 2191 2322 ac
2222 2281 2552 2324 resurrectionis
2582 2281 2746 2324 doctri-

189 2367 287 2394 nam
332 2353 580 2411 oppugnari
619 2353 822 2406 tradunt3
868 2370 1057 2411 quorum
1095 2355 1142 2397 in
1179 2355 1390 2398 alterutro
1429 2354 1627 2399 exstabat
1665 2353 1866 2397 doctrina
1905 2353 1960 2395 de
2000 2354 2273 2397 excludenda
2301 2356 2357 2398 ab
2387 2356 2573 2399 essentia
2600 2356 2749 2398 divina

186 2427 498 2470 attributorum
538 2428 787 2485 pluralitate
818 2429 1039 2486 (Abulph.
1069 2442 1112 2486 p.
1143 2429 1212 2472 33.
1272 2428 1407 2471 Barh.
1437 2442 1480 2485 p.
1514 2429 1581 2470 18.
1642 2427 1827 2473 Schahr.
1860 2442 1902 2485 p.
1934 2428 2028 2483 91).
2087 2427 2176 2472 Sed
2216 2428 2283 2472 his
2322 2428 2501 2485 quidem
2542 2430 2587 2472 in
2625 2430 2747 2473 tricis

187 2501 455 2546 extricandis
482 2502 589 2558 quid
618 2503 780 2546 iterum
810 2499 1077 2560 satagemus,
1107 2503 1270 2547 frustra
1297 2503 1384 2545 iam
1414 2503 1519 2545 olim
1548 2503 1678 2559 plura
1709 2502 1849 2545 moliti
1870 2501 1894 2543 1
1916 2517 1958 2557 p.
1982 2504 2007 2544 6
2029 2503 2154 2557 sqq.?
2214 2502 2373 2558 Neque
2403 2520 2508 2546 vero
2539 2504 2748 2546 debemus

188 2575 387 2619 omittere
417 2591 530 2632 quae
558 2576 677 2634 apud
693 2576 973 2631 Honainum,
1003 2583 1234 2634 postquam
1264 2576 1319 2621 de
1350 2577 1568 2621 creatione
1599 2575 1753 2619 mundi
1784 2583 1828 2619 et
1857 2575 1913 2618 de
1943 2576 2039 2619 aliis
2069 2577 2200 2619 rebus
2231 2579 2452 2634 scripsisse
2483 2586 2527 2620 et
2551 2579 2747 2620 locutum

186 2664 277 2692 esse
315 2649 628 2708 Empedoclem
674 2650 805 2706 dixit,
850 2651 1178 2709 subsequuntur
1222 2651 1356 2696 verba
1398 2652 1637 2709 interprete
1683 2651 1951 2695 Assemano:
2014 2652 2075 2693 At
2117 2653 2208 2693 eius
2249 2654 2444 2695 doctrina
2483 2670 2509 2694 α
2545 2653 2747 2708 pluribus

188 2727 397 2780 arquitur.
456 2725 731 2782 Empedoclie
770 2726 901 2769 libros
940 2728 1082 2769 inveni
1109 2728 1217 2769 inter
1253 2741 1343 2780 eos,
1385 2742 1490 2783 quoe
1519 2725 1677 2768 Alwek
1707 2725 1771 2768 Al
1799 2725 1938 2767 Fatela
1970 2725 2115 2768 Nam
2160 2726 2235 2768 ben
2269 2726 2466 2769 lbrahim
2498 2727 2745 2784 Hierosoly-

187 2800 371 2842 mitamce
409 2799 571 2843 Domui
607 2809 776 2844 sanctae
814 2803 860 2844 in
899 2803 1084 2857 leyatum
1120 2802 1323 2858 reliquit,
1369 2802 1550 2857 illosque
1591 2808 1743 2842 attente
1783 2801 1888 2855 leqi,
1934 2815 2006 2842 nec
2045 2802 2182 2842 ullum
2221 2816 2408 2846 errorem
2446 2804 2745 2845 animadverti.

188 2869 462 2927 Empedocles
506 2874 657 2918 habuit
695 2891 771 2918 auo
814 2884 995 2933 tempore
1038 2878 1241 2929 asseclae,
1296 2879 1516 2919 novissime
1559 2891 1657 2918 vero
1703 2877 1813 2917 inter
1861 2875 2154 2929 Mosleminost,
2212 2878 2290 2932 qui
2331 2878 2466 2932 ipsius
2510 2878 2747 2920 doctr-im

188 2947 375 3002 mles-i
411 2958 523 3003 eunt,
567 2951 905 2994 adnumerantur
940 2953 1175 3007 praecipue
1214 2951 1447 2994 Molzamed
1491 2950 1567 2992 ben
1605 2950 1831 2992 Abdollah
1866 2950 2098 3006 Alqiabali
2135 2951 2320 2994 Albatm'
2366 2968 2418 2994 ea·
2461 2952 2670 3006 Car-taba,
2710 2961 2749 2995 et

186 3019 287 3062 Abu
327 3020 393 3064 Al
434 3022 563 3067 Hezil
603 3025 838 3068 Mokamed
882 3026 959 3069 ben
1002 3026 1065 3068 Al
1106 3025 1236 3068 Hezil
1281 3042 1302 3068 e
1345 3026 1545 3068 Bassam.
1634 3024 1812 3067 Etenim
1853 3024 1888 3067 si
1930 3025 2206 3068 meminimus
2253 3025 2574 3068 Motazalarum
2618 3027 2748 3070 sectis

187 3095 408 3152 propriam
454 3097 587 3141 fuisse
624 3115 718 3141 eam
757 3116 870 3156 quae
907 3100 978 3143 hic
1008 3099 1269 3158 Empedocli
1307 3099 1518 3143 tribuitur
1558 3099 1613 3141 de
1653 3099 1876 3142 attributis
1917 3099 2126 3142 essentiae
2159 3099 2335 3142 divinae
2366 3100 2614 3157 opinionem
2648 3101 2745 3157 (cfr.

402 3293 426 3335 ¹)
451 3293 696 3327 Haarbrficker
719 3294 739 3327 1
762 3296 906 3337 praefat.
932 3307 964 3338 p.
992 3296 1048 3328 IX
1072 3306 1122 3337 sq.
1173 3295 1324 3328 Poeoek.
1350 3294 1452 3337 Spee.
1470 3295 1590 3327 histor.
1617 3295 1726 3327 Arab.
1751 3306 1786 3337 p.
1811 3295 1891 3329 368.
1942 3295 2120 3327 Hei-belot.
2146 3306 2179 3327 V.
2198 3295 2463 3327 Scheherestnni
2490 3305 2517 3327 c.
2546 3306 2578 3327 n.
2603 3296 2744 3330 Rei-hii.

187 3348 362 3383 meischer
386 3352 432 3385 ad
456 3351 655 3395 Abulphcd.
680 3352 761 3389 hist.
786 3354 921 3389 anteinl.
946 3366 979 3398 p.
1007 3356 1087 3389 211.
1136 3354 1511 3396 Hammer-Purgstau
1537 3354 1843 3395 Litteratnrgesch.
1869 3355 1935 3386 der
1955 3355 2093 3386 Araber
2120 3355 2191 3386 vn
2215 3366 2247 3396 p.
2274 3355 2342 3386 685
2368 3364 2418 3395 sq.

398 3411 427 3452 ²)
451 3411 523 3444 Pro
547 3410 834 3446 Schahrastanita
857 3413 982 3447 Sabina
1007 3414 1091 3447 dicit
1114 3413 1418 3456 Abulphafflu,
1443 3412 1685 3445 Bai-hebraeus
1709 3419 1790 3445 eunt
1813 3414 1874 3455 qni
1897 3413 2024 3445 dicant.
