<?xml version="1.0" encoding="UTF-8"?>
<!DOCTYPE html PUBLIC "-//W3C//DTD XHTML 1.0 Transitional//EN"
    "http://www.w3.org/TR/xhtml1/DTD/xhtml1-transitional.dtd">
<html xmlns="http://www.w3.org/1999/xhtml" xml:lang="en" lang="en">
 <head>
  <title>
</title>
<meta http-equiv="Content-Type" content="text/html;charset=utf-8" />
  <meta name='ocr-system' content='tesseract 3.04.00' />
  <meta name='ocr-capabilities' content='ocr_page ocr_carea ocr_par ocr_line ocrx_word'/>
</head>
<body>
  <div class='ocr_page' id='page_1' title='image "4777050_0022.png"; bbox 0 0 2998 3934; ppageno 0'>
   <div class='ocr_carea' id='block_1_1' title="bbox 208 240 305 287">
    <p class='ocr_par' dir='ltr' id='par_1_1' title="bbox 208 240 305 287">
     <span class='ocr_line' id='line_1_1' title="bbox 208 240 305 287; baseline 0 0"><span class='ocrx_word' id='word_1_1' title='bbox 208 240 305 287; x_wconf 65' lang='grc' dir='ltr'><strong>1οκ</strong></span> 
     </span>
    </p>
   </div>
   <div class='ocr_carea' id='block_1_2' title="bbox 198 368 2787 2219">
    <p class='ocr_par' dir='ltr' id='par_1_2' title="bbox 204 368 2783 574">
     <span class='ocr_line' id='line_1_2' title="bbox 416 368 2783 432; baseline 0.001 -17"><span class='ocrx_word' id='word_1_2' title='bbox 416 371 707 415; x_wconf 88' lang='lat' dir='ltr'><strong>Politicorum</strong></span> <span class='ocrx_word' id='word_1_3' title='bbox 738 369 877 414; x_wconf 90' lang='lat' dir='ltr'><strong>Liber</strong></span> <span class='ocrx_word' id='word_1_4' title='bbox 906 369 964 414; x_wconf 89' lang='lat' dir='ltr'><strong>ab</strong></span> <span class='ocrx_word' id='word_1_5' title='bbox 994 368 1204 415; x_wconf 84' lang='lat' dir='ltr'><strong>Honaino</strong></span> <span class='ocrx_word' id='word_1_6' title='bbox 1223 369 1365 416; x_wconf 81' lang='lat' dir='ltr'><strong>Isaaci</strong></span> <span class='ocrx_word' id='word_1_7' title='bbox 1393 370 1485 416; x_wconf 87' lang='lat' dir='ltr'><strong>filio</strong></span> <span class='ocrx_word' id='word_1_8' title='bbox 1494 371 1542 429; x_wconf 74' lang='grc' dir='ltr'><strong>Ρ)</strong></span> <span class='ocrx_word' id='word_1_9' title='bbox 1572 369 1765 416; x_wconf 89' lang='lat' dir='ltr'><strong>Arabice</strong></span> <span class='ocrx_word' id='word_1_10' title='bbox 1795 384 2032 416; x_wconf 81' lang='lat' dir='ltr'><strong>conversus</strong></span> <span class='ocrx_word' id='word_1_11' title='bbox 2060 393 2120 405; x_wconf 91' lang='lat'><strong>--</strong></span> <span class='ocrx_word' id='word_1_12' title='bbox 2148 369 2287 415; x_wconf 87' lang='lat' dir='ltr'><strong>Liber</strong></span> <span class='ocrx_word' id='word_1_13' title='bbox 2317 369 2373 417; x_wconf 88' lang='lat' dir='ltr'><strong>de</strong></span> <span class='ocrx_word' id='word_1_14' title='bbox 2394 371 2617 432; x_wconf 71' lang='lat' dir='ltr'><strong>Legibus,</strong></span> <span class='ocrx_word' id='word_1_15' title='bbox 2647 386 2783 431; x_wconf 76' lang='lat' dir='ltr'><strong>quem</strong></span> 
     </span>
     <span class='ocr_line' id='line_1_3' title="bbox 206 440 2783 503; baseline 0.002 -15"><span class='ocrx_word' id='word_1_16' title='bbox 206 445 447 488; x_wconf 90' lang='lat' dir='ltr'><strong>Arabicum</strong></span> <span class='ocrx_word' id='word_1_17' title='bbox 477 445 620 488; x_wconf 85' lang='lat' dir='ltr'><strong>fecere</strong></span> <span class='ocrx_word' id='word_1_18' title='bbox 640 444 898 498; x_wconf 85' lang='lat' dir='ltr'><strong>Honainus,</strong></span> <span class='ocrx_word' id='word_1_19' title='bbox 929 451 973 487; x_wconf 89' lang='lat' dir='ltr'><strong>et</strong></span> <span class='ocrx_word' id='word_1_20' title='bbox 1001 443 1136 488; x_wconf 85' lang='lat' dir='ltr'><strong>Jahia</strong></span> <span class='ocrx_word' id='word_1_21' title='bbox 1163 445 1249 489; x_wconf 92' lang='lat' dir='ltr'><strong>ben</strong></span> <span class='ocrx_word' id='word_1_22' title='bbox 1266 446 1424 502; x_wconf 57' lang='lat' dir='ltr'><strong>Adici)</strong></span> <span class='ocrx_word' id='word_1_23' title='bbox 1482 446 1554 490; x_wconf 81' lang='lat' dir='ltr'><strong>Ex</strong></span> <span class='ocrx_word' id='word_1_24' title='bbox 1584 445 1654 491; x_wconf 89' lang='lat' dir='ltr'><strong>his</strong></span> <span class='ocrx_word' id='word_1_25' title='bbox 1683 461 1792 489; x_wconf 85' lang='lat' dir='ltr'><strong>vero</strong></span> <span class='ocrx_word' id='word_1_26' title='bbox 1805 445 1979 500; x_wconf 81' lang='lat' dir='ltr'><strong>Libris,</strong></span> <span class='ocrx_word' id='word_1_27' title='bbox 2009 446 2087 503; x_wconf 76' lang='lat' dir='ltr'><strong>qui</strong></span> <span class='ocrx_word' id='word_1_28' title='bbox 2102 440 2300 491; x_wconf 81' lang='lat' dir='ltr'><strong>Platonis</strong></span> <span class='ocrx_word' id='word_1_29' title='bbox 2330 448 2572 492; x_wconf 80' lang='lat' dir='ltr'><strong>amicorum</strong></span> <span class='ocrx_word' id='word_1_30' title='bbox 2604 448 2783 501; x_wconf 76' lang='lat' dir='ltr'><strong>nomine</strong></span> 
     </span>
     <span class='ocr_line' id='line_1_4' title="bbox 204 512 2532 574; baseline 0.001 -12"><span class='ocrx_word' id='word_1_31' title='bbox 204 520 597 574; x_wconf 81' lang='lat' dir='ltr'><strong>circumferuntur,</strong></span> <span class='ocrx_word' id='word_1_32' title='bbox 627 527 732 563; x_wconf 91' lang='lat' dir='ltr'><strong>sunt</strong></span> <span class='ocrx_word' id='word_1_33' title='bbox 1117 527 1121 529; x_wconf 87' lang='grc'><strong>’</strong></span> <span class='ocrx_word' id='word_1_34' title='bbox 2530 512 2532 516; x_wconf 72' lang='lat'>‚</span> 
     </span>
    </p>

    <p class='ocr_par' dir='ltr' id='par_1_3' title="bbox 201 592 2787 1396">
     <span class='ocr_line' id='line_1_5' title="bbox 417 592 2779 654; baseline 0.001 -17"><span class='ocrx_word' id='word_1_35' title='bbox 417 593 620 651; x_wconf 86' lang='lat' dir='ltr'><strong>Theages</strong></span> <span class='ocrx_word' id='word_1_36' title='bbox 659 592 715 637; x_wconf 90' lang='lat' dir='ltr'><strong>de</strong></span> <span class='ocrx_word' id='word_1_37' title='bbox 744 592 1032 651; x_wconf 77' lang='lat' dir='ltr'><strong>Philosophia</strong></span> <span class='ocrx_word' id='word_1_38' title='bbox 1061 593 1201 636; x_wconf 88' lang='lat' dir='ltr'><strong>Liber</strong></span> <span class='ocrx_word' id='word_1_39' title='bbox 1238 618 1293 627; x_wconf 83' lang='lat'><strong>--</strong></span> <span class='ocrx_word' id='word_1_40' title='bbox 1335 594 1507 654; x_wconf 67' lang='lat' dir='ltr'><strong>Laches</strong></span> <span class='ocrx_word' id='word_1_41' title='bbox 1545 593 1601 637; x_wconf 85' lang='lat' dir='ltr'><strong>de</strong></span> <span class='ocrx_word' id='word_1_42' title='bbox 1630 593 1914 638; x_wconf 76' lang='lat' dir='ltr'><strong>Fortitudine</strong></span> <span class='ocrx_word' id='word_1_43' title='bbox 1944 593 2082 639; x_wconf 84' lang='lat' dir='ltr'><strong>Liber</strong></span> <span class='ocrx_word' id='word_1_44' title='bbox 2111 617 2171 629; x_wconf 87' lang='lat'><strong>--</strong></span> <span class='ocrx_word' id='word_1_45' title='bbox 2201 595 2517 653; x_wconf 61' lang='lat' dir='ltr'><strong>Aristotelen)</strong></span> <span class='ocrx_word' id='word_1_46' title='bbox 2541 597 2600 640; x_wconf 86' lang='lat' dir='ltr'><strong>de</strong></span> <span class='ocrx_word' id='word_1_47' title='bbox 2627 596 2779 640; x_wconf 83' lang='lat' dir='ltr'><strong>Philo-</strong></span> 
     </span>
     <span class='ocr_line' id='line_1_6' title="bbox 203 666 2785 727; baseline 0.002 -17"><span class='ocrx_word' id='word_1_48' title='bbox 203 667 397 725; x_wconf 73' lang='lat' dir='ltr'><strong>sophicis</strong></span> <span class='ocrx_word' id='word_1_49' title='bbox 419 666 673 725; x_wconf 71' lang='lat' dir='ltr'><strong>&#39;disciplinis</strong></span> <span class='ocrx_word' id='word_1_50' title='bbox 703 667 843 711; x_wconf 88' lang='lat' dir='ltr'><strong>Liber</strong></span> <span class='ocrx_word' id='word_1_51' title='bbox 883 694 937 700; x_wconf 91' lang='lat'><em>—</em></span> <span class='ocrx_word' id='word_1_52' title='bbox 981 667 1243 713; x_wconf 86' lang='lat' dir='ltr'><strong>Charmides</strong></span> <span class='ocrx_word' id='word_1_53' title='bbox 1273 669 1329 713; x_wconf 90' lang='lat' dir='ltr'><strong>de</strong></span> <span class='ocrx_word' id='word_1_54' title='bbox 1360 667 1670 726; x_wconf 74' lang='lat' dir='ltr'><strong>Temperantia</strong></span> <span class='ocrx_word' id='word_1_55' title='bbox 1697 667 1836 713; x_wconf 89' lang='lat' dir='ltr'><strong>Liber</strong></span> <span class='ocrx_word' id='word_1_56' title='bbox 1863 693 1923 703; x_wconf 88' lang='lat'><strong>—</strong></span> <span class='ocrx_word' id='word_1_57' title='bbox 1952 668 2143 727; x_wconf 77' lang='lat' dir='ltr'><strong>Hippias</strong></span> <span class='ocrx_word' id='word_1_58' title='bbox 2153 669 2192 725; x_wconf 83' lang='lat'><strong>⁸)</strong></span> <span class='ocrx_word' id='word_1_59' title='bbox 2222 669 2279 714; x_wconf 88' lang='lat' dir='ltr'><strong>de</strong></span> <span class='ocrx_word' id='word_1_60' title='bbox 2307 669 2502 714; x_wconf 84' lang='lat' dir='ltr'><strong>Pulchro</strong></span> <span class='ocrx_word' id='word_1_61' title='bbox 2533 669 2662 714; x_wconf 86' lang='lat' dir='ltr'><strong>Libri</strong></span> <span class='ocrx_word' id='word_1_62' title='bbox 2684 670 2785 714; x_wconf 73' lang='lat' dir='ltr'><strong>duo</strong></span> 
     </span>
     <span class='ocr_line' id='line_1_7' title="bbox 203 740 2780 801; baseline 0.002 -17"><span class='ocrx_word' id='word_1_63' title='bbox 203 767 259 775; x_wconf 88' lang='lat'><strong>-—</strong></span> <span class='ocrx_word' id='word_1_64' title='bbox 289 741 570 798; x_wconf 86' lang='lat' dir='ltr'><strong>Eutydemus</strong></span> <span class='ocrx_word' id='word_1_65' title='bbox 600 742 654 785; x_wconf 86' lang='lat' dir='ltr'><strong>de</strong></span> <span class='ocrx_word' id='word_1_66' title='bbox 683 756 788 785; x_wconf 86' lang='lat' dir='ltr'><strong>vera</strong></span> <span class='ocrx_word' id='word_1_67' title='bbox 817 740 1045 800; x_wconf 80' lang='lat' dir='ltr'><strong>Sapientia</strong></span> <span class='ocrx_word' id='word_1_68' title='bbox 1075 740 1213 786; x_wconf 86' lang='lat' dir='ltr'><strong>Liber</strong></span> <span class='ocrx_word' id='word_1_69' title='bbox 1243 769 1298 775; x_wconf 92' lang='lat'><strong>—</strong></span> <span class='ocrx_word' id='word_1_70' title='bbox 1328 742 1556 799; x_wconf 75' lang='lat' dir='ltr'><strong>Alcyont)</strong></span> <span class='ocrx_word' id='word_1_71' title='bbox 1578 740 1706 786; x_wconf 83' lang='lat' dir='ltr'><strong>Libri</strong></span> <span class='ocrx_word' id='word_1_72' title='bbox 1735 741 1826 787; x_wconf 88' lang='lat' dir='ltr'><strong>duo</strong></span> <span class='ocrx_word' id='word_1_73' title='bbox 1854 767 1914 775; x_wconf 95' lang='lat'><strong>—</strong></span> <span class='ocrx_word' id='word_1_74' title='bbox 1944 742 2178 801; x_wconf 87' lang='lat' dir='ltr'><strong>Gorgenas</strong></span> <span class='ocrx_word' id='word_1_75' title='bbox 2188 744 2235 801; x_wconf 75' lang='grc'><strong>11)</strong></span> <span class='ocrx_word' id='word_1_76' title='bbox 2258 743 2394 788; x_wconf 87' lang='lat' dir='ltr'><strong>Liber</strong></span> <span class='ocrx_word' id='word_1_77' title='bbox 2425 769 2476 777; x_wconf 90' lang='lat'>—</span> <span class='ocrx_word' id='word_1_78' title='bbox 2511 743 2780 801; x_wconf 80' lang='lat' dir='ltr'><strong>Eutyphron</strong></span> 
     </span>
     <span class='ocr_line' id='line_1_8' title="bbox 204 814 2782 875; baseline 0.001 -16"><span class='ocrx_word' id='word_1_79' title='bbox 204 816 340 860; x_wconf 88' lang='lat' dir='ltr'><strong>Liber</strong></span> <span class='ocrx_word' id='word_1_80' title='bbox 372 842 425 849; x_wconf 92' lang='lat'><strong>—</strong></span> <span class='ocrx_word' id='word_1_81' title='bbox 459 815 775 872; x_wconf 76' lang='lat' dir='ltr'><strong>Theaetetusv)</strong></span> <span class='ocrx_word' id='word_1_82' title='bbox 806 814 944 860; x_wconf 91' lang='lat' dir='ltr'><strong>Liber</strong></span> <span class='ocrx_word' id='word_1_83' title='bbox 974 842 1029 848; x_wconf 91' lang='lat'>—</span> <span class='ocrx_word' id='word_1_84' title='bbox 1073 815 1284 860; x_wconf 82' lang='lat' dir='ltr'><strong>Phaedon</strong></span> <span class='ocrx_word' id='word_1_85' title='bbox 1316 817 1453 861; x_wconf 89' lang='lat' dir='ltr'><strong>Liber</strong></span> <span class='ocrx_word' id='word_1_86' title='bbox 1482 842 1541 849; x_wconf 95' lang='lat'>—</span> <span class='ocrx_word' id='word_1_87' title='bbox 1570 816 1727 861; x_wconf 81' lang='lat' dir='ltr'><strong>Criton</strong></span> <span class='ocrx_word' id='word_1_88' title='bbox 1758 816 1897 861; x_wconf 89' lang='lat' dir='ltr'><strong>Liber</strong></span> <span class='ocrx_word' id='word_1_89' title='bbox 1925 842 1980 849; x_wconf 95' lang='lat'>—</span> <span class='ocrx_word' id='word_1_90' title='bbox 2011 816 2211 862; x_wconf 81' lang='lat' dir='ltr'><strong>Philetus</strong></span> <span class='ocrx_word' id='word_1_91' title='bbox 2225 819 2281 875; x_wconf 77' lang='lat' dir='ltr'><strong>w)</strong></span> <span class='ocrx_word' id='word_1_92' title='bbox 2311 818 2449 863; x_wconf 90' lang='lat' dir='ltr'><strong>Liber</strong></span> <span class='ocrx_word' id='word_1_93' title='bbox 2481 844 2533 851; x_wconf 93' lang='lat'>-</span> <span class='ocrx_word' id='word_1_94' title='bbox 2565 817 2782 862; x_wconf 85' lang='lat' dir='ltr'><strong>Politicus</strong></span> 
     </span>
     <span class='ocr_line' id='line_1_9' title="bbox 204 888 2776 948; baseline 0.001 -15"><span class='ocrx_word' id='word_1_95' title='bbox 204 888 340 933; x_wconf 89' lang='lat' dir='ltr'><strong>Liber</strong></span> <span class='ocrx_word' id='word_1_96' title='bbox 381 916 435 923; x_wconf 90' lang='lat'><strong>—</strong></span> <span class='ocrx_word' id='word_1_97' title='bbox 478 890 736 935; x_wconf 88' lang='lat' dir='ltr'><strong>Phrathilus</strong></span> <span class='ocrx_word' id='word_1_98' title='bbox 765 889 922 934; x_wconf 89' lang='lat' dir='ltr'><strong>Liber:</strong></span> <span class='ocrx_word' id='word_1_99' title='bbox 969 890 1251 935; x_wconf 88' lang='lat' dir='ltr'><strong>scribendum</strong></span> <span class='ocrx_word' id='word_1_100' title='bbox 1282 891 1476 937; x_wconf 86' lang='lat' dir='ltr'><strong>Cratilus</strong></span> <span class='ocrx_word' id='word_1_101' title='bbox 1486 891 1533 948; x_wconf 84' lang='lat' dir='ltr'><strong>x)</strong></span> <span class='ocrx_word' id='word_1_102' title='bbox 1573 916 1627 923; x_wconf 91' lang='lat'><strong>—</strong></span> <span class='ocrx_word' id='word_1_103' title='bbox 1665 890 1876 939; x_wconf 73' lang='lat' dir='ltr'><strong>Socostus</strong></span> <span class='ocrx_word' id='word_1_104' title='bbox 1913 891 2085 934; x_wconf 74' lang='lat' dir='ltr'><strong>Liberz-</strong></span> <span class='ocrx_word' id='word_1_105' title='bbox 2112 892 2394 936; x_wconf 87' lang='lat' dir='ltr'><strong>scribendum</strong></span> <span class='ocrx_word' id='word_1_106' title='bbox 2424 892 2686 948; x_wconf 72' lang='lat' dir='ltr'><strong>Socratesx)</strong></span> <span class='ocrx_word' id='word_1_107' title='bbox 2723 918 2776 925; x_wconf 91' lang='lat'><strong>-—</strong></span> 
     </span>
     <span class='ocr_line' id='line_1_10' title="bbox 204 963 2787 1023; baseline 0.001 -17"><span class='ocrx_word' id='word_1_108' title='bbox 204 963 410 1008; x_wconf 87' lang='lat' dir='ltr'><strong>Timaeus</strong></span> <span class='ocrx_word' id='word_1_109' title='bbox 439 964 551 1007; x_wconf 90' lang='lat' dir='ltr'><strong>liber</strong></span> <span class='ocrx_word' id='word_1_110' title='bbox 581 980 607 1006; x_wconf 92' lang='lat' dir='ltr'><strong>a</strong></span> <span class='ocrx_word' id='word_1_111' title='bbox 635 964 770 1008; x_wconf 80' lang='lat' dir='ltr'><strong>Jahia</strong></span> <span class='ocrx_word' id='word_1_112' title='bbox 800 964 885 1008; x_wconf 92' lang='lat' dir='ltr'><strong>ben</strong></span> <span class='ocrx_word' id='word_1_113' title='bbox 917 965 1008 1007; x_wconf 92' lang='lat' dir='ltr'><strong>Adi</strong></span> <span class='ocrx_word' id='word_1_114' title='bbox 1039 965 1325 1023; x_wconf 78' lang='lat' dir='ltr'><strong>castigatusz)</strong></span> <span class='ocrx_word' id='word_1_115' title='bbox 1362 991 1419 999; x_wconf 92' lang='grc'>-</span> <span class='ocrx_word' id='word_1_116' title='bbox 1448 965 1733 1009; x_wconf 79' lang='lat' dir='ltr'><strong>Parmenides</strong></span> <span class='ocrx_word' id='word_1_117' title='bbox 1764 966 1902 1009; x_wconf 88' lang='lat' dir='ltr'><strong>Liber</strong></span> <span class='ocrx_word' id='word_1_118' title='bbox 1931 991 1990 998; x_wconf 94' lang='lat'><strong>—</strong></span> <span class='ocrx_word' id='word_1_119' title='bbox 2030 966 2260 1011; x_wconf 79' lang='lat' dir='ltr'><strong>Phaedrus</strong></span> <span class='ocrx_word' id='word_1_120' title='bbox 2290 967 2429 1010; x_wconf 88' lang='lat' dir='ltr'><strong>Liber</strong></span> <span class='ocrx_word' id='word_1_121' title='bbox 2455 991 2514 999; x_wconf 90' lang='lat'><strong>—</strong></span> <span class='ocrx_word' id='word_1_122' title='bbox 2543 965 2703 1010; x_wconf 84' lang='lat' dir='ltr'><strong>Midon</strong></span> <span class='ocrx_word' id='word_1_123' title='bbox 2714 968 2787 1020; x_wconf 34' lang='lat'><strong>⁸⁸)-</strong></span> 
     </span>
     <span class='ocr_line' id='line_1_11' title="bbox 206 1038 2779 1099; baseline 0.002 -19"><span class='ocrx_word' id='word_1_124' title='bbox 206 1038 340 1081; x_wconf 89' lang='lat' dir='ltr'><strong>Liber</strong></span> <span class='ocrx_word' id='word_1_125' title='bbox 370 1058 427 1071; x_wconf 72' lang='lat'><strong>——</strong></span> <span class='ocrx_word' id='word_1_126' title='bbox 458 1039 610 1082; x_wconf 92' lang='lat' dir='ltr'><strong>Minos</strong></span> <span class='ocrx_word' id='word_1_127' title='bbox 639 1038 779 1082; x_wconf 86' lang='lat' dir='ltr'><strong>Liber</strong></span> <span class='ocrx_word' id='word_1_128' title='bbox 809 1065 866 1072; x_wconf 85' lang='lat'>-</span> <span class='ocrx_word' id='word_1_129' title='bbox 899 1039 992 1096; x_wconf 88' lang='lat'>[60]</span> <span class='ocrx_word' id='word_1_130' title='bbox 1024 1038 1280 1095; x_wconf 88' lang='lat' dir='ltr'><strong>Hipparcus</strong></span> <span class='ocrx_word' id='word_1_131' title='bbox 1310 1040 1446 1083; x_wconf 87' lang='lat' dir='ltr'><strong>Liber</strong></span> <span class='ocrx_word' id='word_1_132' title='bbox 1457 1041 1527 1094; x_wconf 83' lang='lat' dir='ltr'><strong>bb)</strong></span> <span class='ocrx_word' id='word_1_133' title='bbox 1558 1065 1613 1072; x_wconf 93' lang='lat'><em>—</em></span> <span class='ocrx_word' id='word_1_134' title='bbox 1644 1039 1919 1084; x_wconf 79' lang='lat' dir='ltr'><strong>Menexenus</strong></span> <span class='ocrx_word' id='word_1_135' title='bbox 1951 1040 2088 1084; x_wconf 89' lang='lat' dir='ltr'><strong>Liber</strong></span> <span class='ocrx_word' id='word_1_136' title='bbox 2125 1066 2174 1073; x_wconf 83' lang='lat'>-</span> <span class='ocrx_word' id='word_1_137' title='bbox 2205 1040 2450 1099; x_wconf 88' lang='lat' dir='ltr'><strong>Clitophon</strong></span> <span class='ocrx_word' id='word_1_138' title='bbox 2464 1042 2525 1098; x_wconf 81' lang='lat' dir='ltr'><strong>cc)</strong></span> <span class='ocrx_word' id='word_1_139' title='bbox 2556 1041 2694 1085; x_wconf 90' lang='lat' dir='ltr'><strong>Liber</strong></span> <span class='ocrx_word' id='word_1_140' title='bbox 2726 1066 2779 1073; x_wconf 87' lang='lat'><strong>-—</strong></span> 
     </span>
     <span class='ocr_line' id='line_1_12' title="bbox 203 1109 2780 1172; baseline 0.001 -16"><span class='ocrx_word' id='word_1_141' title='bbox 203 1113 408 1157; x_wconf 89' lang='lat' dir='ltr'><strong>Timaeus</strong></span> <span class='ocrx_word' id='word_1_142' title='bbox 437 1109 567 1156; x_wconf 88' lang='lat' dir='ltr'><strong>Libri</strong></span> <span class='ocrx_word' id='word_1_143' title='bbox 598 1113 750 1170; x_wconf 85' lang='lat' dir='ltr'><strong>IHdd)</strong></span> <span class='ocrx_word' id='word_1_144' title='bbox 771 1140 828 1146; x_wconf 94' lang='lat'><strong>—</strong></span> <span class='ocrx_word' id='word_1_145' title='bbox 850 1114 988 1157; x_wconf 88' lang='lat' dir='ltr'><strong>Liber</strong></span> <span class='ocrx_word' id='word_1_146' title='bbox 1019 1114 1073 1156; x_wconf 87' lang='lat' dir='ltr'><strong>de</strong></span> <span class='ocrx_word' id='word_1_147' title='bbox 1106 1114 1521 1172; x_wconf 79' lang='lat' dir='ltr'><strong>Coinparationibus</strong></span> <span class='ocrx_word' id='word_1_148' title='bbox 1531 1116 1592 1171; x_wconf 80' lang='lat' dir='ltr'><strong>ee)</strong></span> <span class='ocrx_word' id='word_1_149' title='bbox 1614 1137 1671 1147; x_wconf 78' lang='lat'><strong>-—</strong></span> <span class='ocrx_word' id='word_1_150' title='bbox 1693 1113 1830 1157; x_wconf 88' lang='lat' dir='ltr'><strong>Liber</strong></span> <span class='ocrx_word' id='word_1_151' title='bbox 1860 1113 1915 1157; x_wconf 91' lang='lat' dir='ltr'><strong>de</strong></span> <span class='ocrx_word' id='word_1_152' title='bbox 1947 1114 2130 1159; x_wconf 85' lang='lat' dir='ltr'><strong>Unitate</strong></span> <span class='ocrx_word' id='word_1_153' title='bbox 2142 1117 2189 1171; x_wconf 85' lang='lat' dir='ltr'><strong>ff)</strong></span> <span class='ocrx_word' id='word_1_154' title='bbox 2211 1141 2266 1148; x_wconf 91' lang='lat'>—</span> <span class='ocrx_word' id='word_1_155' title='bbox 2294 1114 2434 1160; x_wconf 86' lang='lat' dir='ltr'><strong>Liber</strong></span> <span class='ocrx_word' id='word_1_156' title='bbox 2455 1116 2511 1161; x_wconf 89' lang='lat' dir='ltr'><strong>de</strong></span> <span class='ocrx_word' id='word_1_157' title='bbox 2532 1114 2780 1169; x_wconf 72' lang='lat' dir='ltr'><strong>Intellecta,</strong></span> 
     </span>
     <span class='ocr_line' id='line_1_13' title="bbox 201 1188 2780 1247; baseline 0.002 -17"><span class='ocrx_word' id='word_1_158' title='bbox 201 1188 255 1231; x_wconf 91' lang='lat' dir='ltr'><strong>de</strong></span> <span class='ocrx_word' id='word_1_159' title='bbox 286 1189 465 1242; x_wconf 89' lang='lat' dir='ltr'><strong>Anima,</strong></span> <span class='ocrx_word' id='word_1_160' title='bbox 496 1188 551 1230; x_wconf 91' lang='lat' dir='ltr'><strong>de</strong></span> <span class='ocrx_word' id='word_1_161' title='bbox 582 1189 938 1243; x_wconf 77' lang='lat' dir='ltr'><strong>Substantiasg),</strong></span> <span class='ocrx_word' id='word_1_162' title='bbox 970 1196 1014 1231; x_wconf 88' lang='lat' dir='ltr'><strong>et</strong></span> <span class='ocrx_word' id='word_1_163' title='bbox 1043 1189 1289 1234; x_wconf 88' lang='lat' dir='ltr'><strong>Accidente</strong></span> <span class='ocrx_word' id='word_1_164' title='bbox 1320 1218 1374 1224; x_wconf 90' lang='lat'><strong>——</strong></span> <span class='ocrx_word' id='word_1_165' title='bbox 1406 1190 1542 1234; x_wconf 86' lang='lat' dir='ltr'><strong>Liber</strong></span> <span class='ocrx_word' id='word_1_166' title='bbox 1574 1190 1629 1234; x_wconf 93' lang='lat' dir='ltr'><strong>de</strong></span> <span class='ocrx_word' id='word_1_167' title='bbox 1657 1188 1813 1242; x_wconf 90' lang='lat' dir='ltr'><strong>Sensu,</strong></span> <span class='ocrx_word' id='word_1_168' title='bbox 1843 1196 1888 1233; x_wconf 89' lang='lat' dir='ltr'><strong>et</strong></span> <span class='ocrx_word' id='word_1_169' title='bbox 1917 1189 2222 1235; x_wconf 89' lang='lat' dir='ltr'><strong>Delectatione</strong></span> <span class='ocrx_word' id='word_1_170' title='bbox 2236 1191 2306 1247; x_wconf 86' lang='lat' dir='ltr'><strong>hh)</strong></span> <span class='ocrx_word' id='word_1_171' title='bbox 2328 1216 2385 1224; x_wconf 90' lang='lat'>—</span> <span class='ocrx_word' id='word_1_172' title='bbox 2413 1191 2780 1247; x_wconf 69' lang='lat' dir='ltr'><strong>Mnasistratus‘i)</strong></span> 
     </span>
     <span class='ocr_line' id='line_1_14' title="bbox 202 1263 2780 1324; baseline 0.002 -19"><span class='ocrx_word' id='word_1_173' title='bbox 202 1263 340 1306; x_wconf 86' lang='lat' dir='ltr'><strong>Liber</strong></span> <span class='ocrx_word' id='word_1_174' title='bbox 380 1289 436 1295; x_wconf 93' lang='lat'><strong>--</strong></span> <span class='ocrx_word' id='word_1_175' title='bbox 478 1263 617 1306; x_wconf 90' lang='lat' dir='ltr'><strong>Liber</strong></span> <span class='ocrx_word' id='word_1_176' title='bbox 647 1264 702 1307; x_wconf 91' lang='lat' dir='ltr'><strong>de</strong></span> <span class='ocrx_word' id='word_1_177' title='bbox 731 1264 958 1308; x_wconf 85' lang='lat' dir='ltr'><strong>Juvenum</strong></span> <span class='ocrx_word' id='word_1_178' title='bbox 989 1263 1270 1320; x_wconf 83' lang='lat' dir='ltr'><strong>moribuskk)</strong></span> <span class='ocrx_word' id='word_1_179' title='bbox 1310 1292 1365 1299; x_wconf 85' lang='lat'>—</span> <span class='ocrx_word' id='word_1_180' title='bbox 1406 1265 1541 1310; x_wconf 90' lang='lat' dir='ltr'><strong>Liber</strong></span> <span class='ocrx_word' id='word_1_181' title='bbox 1572 1265 1627 1310; x_wconf 92' lang='lat' dir='ltr'><strong>de</strong></span> <span class='ocrx_word' id='word_1_182' title='bbox 1659 1264 1938 1310; x_wconf 87' lang='lat' dir='ltr'><strong>Geometriae</strong></span> <span class='ocrx_word' id='word_1_183' title='bbox 1979 1264 2304 1323; x_wconf 81' lang='lat' dir='ltr'><strong>Elementisll),</strong></span> <span class='ocrx_word' id='word_1_184' title='bbox 2343 1274 2517 1324; x_wconf 88' lang='lat' dir='ltr'><strong>praeter</strong></span> <span class='ocrx_word' id='word_1_185' title='bbox 2551 1265 2657 1311; x_wconf 84' lang='lat' dir='ltr'><strong>alias</strong></span> <span class='ocrx_word' id='word_1_186' title='bbox 2687 1267 2780 1311; x_wconf 82' lang='lat' dir='ltr'><strong>eius</strong></span> 
     </span>
     <span class='ocr_line' id='line_1_15' title="bbox 204 1338 1070 1396; baseline 0.001 -17"><span class='ocrx_word' id='word_1_187' title='bbox 204 1338 449 1396; x_wconf 84' lang='lat' dir='ltr'><strong>Epistolas,</strong></span> <span class='ocrx_word' id='word_1_188' title='bbox 481 1353 594 1395; x_wconf 91' lang='lat' dir='ltr'><strong>quae</strong></span> <span class='ocrx_word' id='word_1_189' title='bbox 625 1339 770 1382; x_wconf 91' lang='lat' dir='ltr'><strong>adhuc</strong></span> <span class='ocrx_word' id='word_1_190' title='bbox 801 1346 965 1381; x_wconf 87' lang='lat' dir='ltr'><strong>extant.</strong></span> <span class='ocrx_word' id='word_1_191' title='bbox 978 1342 1070 1395; x_wconf 83' lang='lat' dir='ltr'><strong>mm)</strong></span> 
     </span>
    </p>

    <p class='ocr_par' dir='ltr' id='par_1_4' title="bbox 204 1412 2780 1544">
     <span class='ocr_line' id='line_1_16' title="bbox 416 1412 2780 1472; baseline 0.002 -18"><span class='ocrx_word' id='word_1_192' title='bbox 416 1413 541 1455; x_wconf 90' lang='lat' dir='ltr'><strong>Idem</strong></span> <span class='ocrx_word' id='word_1_193' title='bbox 575 1412 729 1455; x_wconf 90' lang='lat' dir='ltr'><strong>Theon</strong></span> <span class='ocrx_word' id='word_1_194' title='bbox 760 1415 821 1457; x_wconf 89' lang='lat' dir='ltr'><strong>ait</strong></span> <span class='ocrx_word' id='word_1_195' title='bbox 851 1417 895 1456; x_wconf 79' lang='lat' dir='ltr'><strong>in</strong></span> <span class='ocrx_word' id='word_1_196' title='bbox 926 1415 1263 1468; x_wconf 75' lang='lat' dir='ltr'><strong>Quaternitates:</strong></span> <span class='ocrx_word' id='word_1_197' title='bbox 1295 1417 1419 1458; x_wconf 79' lang='lat' dir='ltr'><strong>Plato</strong></span> <span class='ocrx_word' id='word_1_198' title='bbox 1453 1414 1605 1456; x_wconf 72' lang='lat' dir='ltr'><strong>Libros</strong></span> <span class='ocrx_word' id='word_1_199' title='bbox 1635 1430 1732 1456; x_wconf 76' lang='lat' dir='ltr'><strong>suos</strong></span> <span class='ocrx_word' id='word_1_200' title='bbox 1762 1414 2016 1468; x_wconf 47' lang='lat' dir='ltr'><strong>daqessitnn)</strong></span> <span class='ocrx_word' id='word_1_201' title='bbox 2038 1413 2168 1468; x_wconf 66' lang='lat' dir='ltr'><strong>juxta</strong></span> <span class='ocrx_word' id='word_1_202' title='bbox 2196 1415 2451 1469; x_wconf 70' lang='lat' dir='ltr'><strong>methodum,</strong></span> <span class='ocrx_word' id='word_1_203' title='bbox 2487 1431 2622 1472; x_wconf 82' lang='lat' dir='ltr'><strong>quam</strong></span> <span class='ocrx_word' id='word_1_204' title='bbox 2651 1415 2780 1459; x_wconf 71' lang='lat' dir='ltr'><strong>adhi-</strong></span> 
     </span>
     <span class='ocr_line' id='line_1_17' title="bbox 204 1488 1162 1544; baseline 0.001 -14"><span class='ocrx_word' id='word_1_205' title='bbox 204 1490 382 1530; x_wconf 76' lang='lat' dir='ltr'><strong>bendam</strong></span> <span class='ocrx_word' id='word_1_206' title='bbox 411 1490 457 1529; x_wconf 72' lang='lat' dir='ltr'><strong>in</strong></span> <span class='ocrx_word' id='word_1_207' title='bbox 488 1488 734 1529; x_wconf 71' lang='lat' dir='ltr'><strong>erudiendis</strong></span> <span class='ocrx_word' id='word_1_208' title='bbox 765 1489 988 1544; x_wconf 70' lang='lat' dir='ltr'><strong>discipulis</strong></span> <span class='ocrx_word' id='word_1_209' title='bbox 1018 1491 1162 1531; x_wconf 75' lang='lat' dir='ltr'><strong>voluit.</strong></span> 
     </span>
    </p>

    <p class='ocr_par' dir='ltr' id='par_1_5' title="bbox 198 1561 2782 2219">
     <span class='ocr_line' id='line_1_18' title="bbox 416 1561 2779 1621; baseline 0.002 -18"><span class='ocrx_word' id='word_1_210' title='bbox 416 1562 592 1604; x_wconf 87' lang='lat' dir='ltr'><strong>Floruit</strong></span> <span class='ocrx_word' id='word_1_211' title='bbox 607 1561 735 1604; x_wconf 86' lang='lat' dir='ltr'><strong>Plato</strong></span> <span class='ocrx_word' id='word_1_212' title='bbox 757 1572 954 1620; x_wconf 87' lang='lat' dir='ltr'><strong>tempore</strong></span> <span class='ocrx_word' id='word_1_213' title='bbox 972 1565 1225 1607; x_wconf 83' lang='lat' dir='ltr'><strong>Artaxersis</strong></span> <span class='ocrx_word' id='word_1_214' title='bbox 1238 1598 1248 1613; x_wconf 82' lang='lat'><strong>,</strong></span> <span class='ocrx_word' id='word_1_215' title='bbox 1276 1565 1352 1620; x_wconf 85' lang='lat' dir='ltr'><strong>qui</strong></span> <span class='ocrx_word' id='word_1_216' title='bbox 1372 1563 1749 1620; x_wconf 81' lang='lat' dir='ltr'><strong>Longimanusoo)</strong></span> <span class='ocrx_word' id='word_1_217' title='bbox 1770 1561 1956 1621; x_wconf 85' lang='lat' dir='ltr'><strong>dicitur,</strong></span> <span class='ocrx_word' id='word_1_218' title='bbox 1977 1564 2095 1620; x_wconf 78' lang='lat' dir='ltr'><strong>regis</strong></span> <span class='ocrx_word' id='word_1_219' title='bbox 2112 1563 2345 1608; x_wconf 84' lang='lat' dir='ltr'><strong>Persarum</strong></span> <span class='ocrx_word' id='word_1_220' title='bbox 2359 1599 2370 1618; x_wconf 89' lang='lat'><strong>,</strong></span> <span class='ocrx_word' id='word_1_221' title='bbox 2391 1564 2497 1608; x_wconf 87' lang='lat' dir='ltr'><strong>alias</strong></span> <span class='ocrx_word' id='word_1_222' title='bbox 2516 1561 2779 1618; x_wconf 75' lang='lat' dir='ltr'><strong>ScitaeofPP)</strong></span> 
     </span>
     <span class='ocr_line' id='line_1_19' title="bbox 200 1635 2779 1696; baseline 0.001 -16"><span class='ocrx_word' id='word_1_223' title='bbox 200 1637 468 1696; x_wconf 88' lang='lat' dir='ltr'><strong>appellatus,</strong></span> <span class='ocrx_word' id='word_1_224' title='bbox 515 1635 569 1677; x_wconf 87' lang='lat' dir='ltr'><strong>ad</strong></span> <span class='ocrx_word' id='word_1_225' title='bbox 612 1651 743 1691; x_wconf 90' lang='lat' dir='ltr'><strong>quem</strong></span> <span class='ocrx_word' id='word_1_226' title='bbox 790 1637 1023 1681; x_wconf 83' lang='lat' dir='ltr'><strong>Zoroaster</strong></span> <span class='ocrx_word' id='word_1_227' title='bbox 1068 1655 1113 1681; x_wconf 91' lang='lat' dir='ltr'><strong>se</strong></span> <span class='ocrx_word' id='word_1_228' title='bbox 1158 1638 1358 1681; x_wconf 89' lang='lat' dir='ltr'><strong>contulit.</strong></span> <span class='ocrx_word' id='word_1_229' title='bbox 1446 1637 1644 1681; x_wconf 82' lang='lat' dir='ltr'><strong>Platonis</strong></span> <span class='ocrx_word' id='word_1_230' title='bbox 1696 1637 1967 1694; x_wconf 87' lang='lat' dir='ltr'><strong>Genealogia</strong></span> <span class='ocrx_word' id='word_1_231' title='bbox 2009 1638 2070 1681; x_wconf 90' lang='lat' dir='ltr'><strong>ita</strong></span> <span class='ocrx_word' id='word_1_232' title='bbox 2115 1654 2141 1679; x_wconf 90' lang='lat' dir='ltr'><strong>a</strong></span> <span class='ocrx_word' id='word_1_233' title='bbox 2187 1637 2366 1681; x_wconf 88' lang='lat' dir='ltr'><strong>Theone</strong></span> <span class='ocrx_word' id='word_1_234' title='bbox 2412 1637 2779 1694; x_wconf 68' lang='lat' dir='ltr'><strong>describiturzqq)</strong></span> 
     </span>
     <span class='ocr_line' id='line_1_20' title="bbox 199 1711 2779 1773; baseline 0.001 -18"><span class='ocrx_word' id='word_1_235' title='bbox 199 1712 398 1755; x_wconf 85' lang='lat' dir='ltr'><strong>Platonis</strong></span> <span class='ocrx_word' id='word_1_236' title='bbox 438 1711 572 1753; x_wconf 87' lang='lat' dir='ltr'><strong>Pater</strong></span> <span class='ocrx_word' id='word_1_237' title='bbox 610 1712 793 1754; x_wconf 91' lang='lat' dir='ltr'><strong>Ariston</strong></span> <span class='ocrx_word' id='word_1_238' title='bbox 826 1714 1079 1757; x_wconf 86' lang='lat' dir='ltr'><strong>Aristofalis</strong></span> <span class='ocrx_word' id='word_1_239' title='bbox 1093 1717 1150 1773; x_wconf 63' lang='lat' dir='ltr'><strong>rs)</strong></span> <span class='ocrx_word' id='word_1_240' title='bbox 1183 1713 1466 1756; x_wconf 83' lang='lat' dir='ltr'><strong>Atheniensis</strong></span> <span class='ocrx_word' id='word_1_241' title='bbox 1505 1712 1643 1767; x_wconf 88' lang='lat' dir='ltr'><strong>filius,</strong></span> <span class='ocrx_word' id='word_1_242' title='bbox 1674 1712 1855 1768; x_wconf 91' lang='lat' dir='ltr'><strong>eiusque</strong></span> <span class='ocrx_word' id='word_1_243' title='bbox 1895 1712 2042 1756; x_wconf 81' lang='lat' dir='ltr'><strong>Mater</strong></span> <span class='ocrx_word' id='word_1_244' title='bbox 2081 1712 2304 1756; x_wconf 90' lang='lat' dir='ltr'><strong>Periction</strong></span> <span class='ocrx_word' id='word_1_245' title='bbox 2318 1712 2374 1767; x_wconf 78' lang='lat'><strong>⁸⁸)</strong></span> <span class='ocrx_word' id='word_1_246' title='bbox 2416 1711 2636 1769; x_wconf 75' lang='lat' dir='ltr'><strong>Glaucitt)</strong></span> <span class='ocrx_word' id='word_1_247' title='bbox 2676 1713 2779 1769; x_wconf 86' lang='lat' dir='ltr'><strong>filia,</strong></span> 
     </span>
     <span class='ocr_line' id='line_1_21' title="bbox 201 1786 2779 1845; baseline 0.001 -15"><span class='ocrx_word' id='word_1_248' title='bbox 201 1787 378 1842; x_wconf 88' lang='lat' dir='ltr'><strong>utrique</strong></span> <span class='ocrx_word' id='word_1_249' title='bbox 409 1801 434 1827; x_wconf 87' lang='lat' dir='ltr'><strong>a</strong></span> <span class='ocrx_word' id='word_1_250' title='bbox 465 1786 601 1828; x_wconf 90' lang='lat' dir='ltr'><strong>nobili</strong></span> <span class='ocrx_word' id='word_1_251' title='bbox 633 1801 793 1843; x_wconf 86' lang='lat' dir='ltr'><strong>genere</strong></span> <span class='ocrx_word' id='word_1_252' title='bbox 817 1789 1033 1845; x_wconf 84' lang='lat' dir='ltr'><strong>originem</strong></span> <span class='ocrx_word' id='word_1_253' title='bbox 1057 1790 1238 1832; x_wconf 89' lang='lat' dir='ltr'><strong>ducunt.</strong></span> <span class='ocrx_word' id='word_1_254' title='bbox 1300 1788 1446 1831; x_wconf 85' lang='lat' dir='ltr'><strong>Mater</strong></span> <span class='ocrx_word' id='word_1_255' title='bbox 1467 1789 1582 1831; x_wconf 92' lang='lat' dir='ltr'><strong>enim</strong></span> <span class='ocrx_word' id='word_1_256' title='bbox 1602 1804 1625 1829; x_wconf 85' lang='lat' dir='ltr'><strong>a</strong></span> <span class='ocrx_word' id='word_1_257' title='bbox 1649 1786 1824 1840; x_wconf 84' lang='lat' dir='ltr'><strong>Solone,</strong></span> <span class='ocrx_word' id='word_1_258' title='bbox 1857 1788 1932 1844; x_wconf 91' lang='lat' dir='ltr'><strong>qui</strong></span> <span class='ocrx_word' id='word_1_259' title='bbox 1955 1787 2300 1831; x_wconf 87' lang='lat' dir='ltr'><strong>Atheniensibus</strong></span> <span class='ocrx_word' id='word_1_260' title='bbox 2320 1788 2440 1845; x_wconf 87' lang='lat' dir='ltr'><strong>leges</strong></span> <span class='ocrx_word' id='word_1_261' title='bbox 2461 1787 2598 1843; x_wconf 81' lang='lat' dir='ltr'><strong>dedit,</strong></span> <span class='ocrx_word' id='word_1_262' title='bbox 2630 1789 2779 1845; x_wconf 91' lang='lat' dir='ltr'><strong>eisque</strong></span> 
     </span>
     <span class='ocr_line' id='line_1_22' title="bbox 198 1860 2780 1922; baseline 0 -17"><span class='ocrx_word' id='word_1_263' title='bbox 198 1862 464 1906; x_wconf 77' lang='lat' dir='ltr'><strong>Salaminam</strong></span> <span class='ocrx_word' id='word_1_264' title='bbox 496 1876 521 1902; x_wconf 86' lang='lat' dir='ltr'><strong>a</strong></span> <span class='ocrx_word' id='word_1_265' title='bbox 539 1860 877 1918; x_wconf 85' lang='lat' dir='ltr'><strong>Megarensibus</strong></span> <span class='ocrx_word' id='word_1_266' title='bbox 908 1871 1080 1921; x_wconf 87' lang='lat' dir='ltr'><strong>captam</strong></span> <span class='ocrx_word' id='word_1_267' title='bbox 1112 1863 1403 1922; x_wconf 82' lang='lat' dir='ltr'><strong>recuperavit.</strong></span> <span class='ocrx_word' id='word_1_268' title='bbox 1463 1862 1637 1907; x_wconf 80' lang='lat' dir='ltr'><strong>Solonis</strong></span> <span class='ocrx_word' id='word_1_269' title='bbox 1663 1863 1798 1905; x_wconf 89' lang='lat' dir='ltr'><strong>frater</strong></span> <span class='ocrx_word' id='word_1_270' title='bbox 1820 1863 1905 1905; x_wconf 88' lang='lat' dir='ltr'><strong>fuit</strong></span> <span class='ocrx_word' id='word_1_271' title='bbox 1921 1862 2149 1905; x_wconf 86' lang='lat' dir='ltr'><strong>Dorindus</strong></span> <span class='ocrx_word' id='word_1_272' title='bbox 2160 1864 2252 1919; x_wconf 73' lang='grc' dir='ltr'><strong>ιιι1),</strong></span> <span class='ocrx_word' id='word_1_273' title='bbox 2284 1863 2409 1906; x_wconf 88' lang='lat' dir='ltr'><strong>cuius</strong></span> <span class='ocrx_word' id='word_1_274' title='bbox 2430 1877 2558 1920; x_wconf 89' lang='lat' dir='ltr'><strong>saepe</strong></span> <span class='ocrx_word' id='word_1_275' title='bbox 2581 1864 2780 1907; x_wconf 88' lang='lat' dir='ltr'><strong>meminit</strong></span> 
     </span>
     <span class='ocr_line' id='line_1_23' title="bbox 198 1935 2782 1999; baseline 0.001 -20"><span class='ocrx_word' id='word_1_276' title='bbox 198 1937 327 1979; x_wconf 88' lang='lat' dir='ltr'><strong>Plato</strong></span> <span class='ocrx_word' id='word_1_277' title='bbox 368 1936 413 1977; x_wconf 90' lang='lat' dir='ltr'><strong>in</strong></span> <span class='ocrx_word' id='word_1_278' title='bbox 456 1935 663 1979; x_wconf 87' lang='lat' dir='ltr'><strong>Carmine</strong></span> <span class='ocrx_word' id='word_1_279' title='bbox 677 1937 767 1992; x_wconf 75' lang='lat' dir='ltr'><strong>vv),</strong></span> <span class='ocrx_word' id='word_1_280' title='bbox 815 1938 1006 1981; x_wconf 90' lang='lat' dir='ltr'><strong>Dorindi</strong></span> <span class='ocrx_word' id='word_1_281' title='bbox 1048 1940 1165 1982; x_wconf 88' lang='lat' dir='ltr'><strong>filius</strong></span> <span class='ocrx_word' id='word_1_282' title='bbox 1212 1938 1393 1982; x_wconf 84' lang='lat' dir='ltr'><strong>Ocritus</strong></span> <span class='ocrx_word' id='word_1_283' title='bbox 1405 1939 1519 1994; x_wconf 58' lang='lat' dir='ltr'><strong>ww),</strong></span> <span class='ocrx_word' id='word_1_284' title='bbox 1565 1936 1620 1980; x_wconf 93' lang='lat' dir='ltr'><strong>de</strong></span> <span class='ocrx_word' id='word_1_285' title='bbox 1664 1953 1752 1994; x_wconf 93' lang='lat' dir='ltr'><strong>quo</strong></span> <span class='ocrx_word' id='word_1_286' title='bbox 1797 1937 1914 1981; x_wconf 89' lang='lat' dir='ltr'><strong>idem</strong></span> <span class='ocrx_word' id='word_1_287' title='bbox 1961 1937 2090 1982; x_wconf 82' lang='lat' dir='ltr'><strong>Plato</strong></span> <span class='ocrx_word' id='word_1_288' title='bbox 2134 1938 2179 1981; x_wconf 90' lang='lat' dir='ltr'><strong>in</strong></span> <span class='ocrx_word' id='word_1_289' title='bbox 2225 1936 2426 1993; x_wconf 88' lang='lat' dir='ltr'><strong>Timaeo,</strong></span> <span class='ocrx_word' id='word_1_290' title='bbox 2473 1937 2618 1999; x_wconf 76' lang='lat' dir='ltr'><strong>Ocriti</strong></span> <span class='ocrx_word' id='word_1_291' title='bbox 2661 1938 2782 1982; x_wconf 80' lang='lat' dir='ltr'><strong>filius</strong></span> 
     </span>
     <span class='ocr_line' id='line_1_24' title="bbox 199 2010 2779 2070; baseline 0 -16"><span class='ocrx_word' id='word_1_292' title='bbox 199 2010 630 2068; x_wconf 80' lang='lat' dir='ltr'><strong>Philostorgiusxx),</strong></span> <span class='ocrx_word' id='word_1_293' title='bbox 672 2011 958 2070; x_wconf 87' lang='lat' dir='ltr'><strong>Philostorgii</strong></span> <span class='ocrx_word' id='word_1_294' title='bbox 991 2014 1284 2070; x_wconf 80' lang='lat' dir='ltr'><strong>Glaucustt),</strong></span> <span class='ocrx_word' id='word_1_295' title='bbox 1328 2013 1487 2057; x_wconf 86' lang='lat' dir='ltr'><strong>Glauci</strong></span> <span class='ocrx_word' id='word_1_296' title='bbox 1529 2012 1811 2066; x_wconf 89' lang='lat' dir='ltr'><strong>Charmides,</strong></span> <span class='ocrx_word' id='word_1_297' title='bbox 1854 2012 2106 2056; x_wconf 89' lang='lat' dir='ltr'><strong>Charmidis</strong></span> <span class='ocrx_word' id='word_1_298' title='bbox 2135 2020 2281 2055; x_wconf 90' lang='lat' dir='ltr'><strong>autem</strong></span> <span class='ocrx_word' id='word_1_299' title='bbox 2310 2029 2436 2056; x_wconf 88' lang='lat' dir='ltr'><strong>soror</strong></span> <span class='ocrx_word' id='word_1_300' title='bbox 2469 2014 2779 2069; x_wconf 65' lang='lat' dir='ltr'><strong>Perictionae),</strong></span> 
     </span>
     <span class='ocr_line' id='line_1_25' title="bbox 199 2085 2777 2145; baseline 0.002 -16"><span class='ocrx_word' id='word_1_301' title='bbox 199 2103 311 2143; x_wconf 85' lang='lat' dir='ltr'><strong>quae</strong></span> <span class='ocrx_word' id='word_1_302' title='bbox 333 2093 376 2129; x_wconf 87' lang='lat' dir='ltr'><strong>et</strong></span> <span class='ocrx_word' id='word_1_303' title='bbox 398 2085 671 2142; x_wconf 81' lang='lat' dir='ltr'><strong>Poctonayy)</strong></span> <span class='ocrx_word' id='word_1_304' title='bbox 703 2095 903 2141; x_wconf 84' lang='lat' dir='ltr'><strong>vocatur,</strong></span> <span class='ocrx_word' id='word_1_305' title='bbox 934 2088 1133 2132; x_wconf 87' lang='lat' dir='ltr'><strong>Platonis</strong></span> <span class='ocrx_word' id='word_1_306' title='bbox 1165 2089 1325 2132; x_wconf 85' lang='lat' dir='ltr'><strong>Mater.</strong></span> <span class='ocrx_word' id='word_1_307' title='bbox 1387 2088 1671 2145; x_wconf 84' lang='lat' dir='ltr'><strong>Quapropter</strong></span> <span class='ocrx_word' id='word_1_308' title='bbox 1701 2087 1862 2131; x_wconf 84' lang='lat' dir='ltr'><strong>Sextus</strong></span> <span class='ocrx_word' id='word_1_309' title='bbox 1882 2104 1908 2130; x_wconf 87' lang='lat' dir='ltr'><strong>a</strong></span> <span class='ocrx_word' id='word_1_310' title='bbox 1928 2088 2089 2133; x_wconf 89' lang='lat' dir='ltr'><strong>Solone</strong></span> <span class='ocrx_word' id='word_1_311' title='bbox 2113 2087 2350 2130; x_wconf 88' lang='lat' dir='ltr'><strong>descendit.</strong></span> <span class='ocrx_word' id='word_1_312' title='bbox 2414 2088 2611 2133; x_wconf 90' lang='lat' dir='ltr'><strong>Platonis</strong></span> <span class='ocrx_word' id='word_1_313' title='bbox 2631 2097 2777 2133; x_wconf 87' lang='lat' dir='ltr'><strong>autem</strong></span> 
     </span>
     <span class='ocr_line' id='line_1_26' title="bbox 198 2161 2777 2219; baseline 0.001 -15"><span class='ocrx_word' id='word_1_314' title='bbox 198 2170 322 2218; x_wconf 81' lang='lat' dir='ltr'><strong>pater</strong></span> <span class='ocrx_word' id='word_1_315' title='bbox 360 2178 385 2203; x_wconf 89' lang='lat' dir='ltr'><strong>a</strong></span> <span class='ocrx_word' id='word_1_316' title='bbox 416 2161 600 2204; x_wconf 89' lang='lat' dir='ltr'><strong>Codone</strong></span> <span class='ocrx_word' id='word_1_317' title='bbox 615 2163 675 2217; x_wconf 89' lang='lat' dir='ltr'><strong>zz)</strong></span> <span class='ocrx_word' id='word_1_318' title='bbox 708 2161 960 2217; x_wconf 76' lang='lat' dir='ltr'><strong>Meliniaaa)</strong></span> <span class='ocrx_word' id='word_1_319' title='bbox 1002 2163 1116 2212; x_wconf 80' lang='lat' dir='ltr'><strong>filio,</strong></span> <span class='ocrx_word' id='word_1_320' title='bbox 1163 2163 1240 2219; x_wconf 91' lang='lat' dir='ltr'><strong>qui</strong></span> <span class='ocrx_word' id='word_1_321' title='bbox 1280 2179 1305 2205; x_wconf 86' lang='lat' dir='ltr'><strong>a</strong></span> <span class='ocrx_word' id='word_1_322' title='bbox 1334 2161 1560 2205; x_wconf 89' lang='lat' dir='ltr'><strong>Posidonii</strong></span> <span class='ocrx_word' id='word_1_323' title='bbox 1576 2163 1665 2217; x_wconf 86' lang='lat' dir='ltr'><strong>bbb)</strong></span> <span class='ocrx_word' id='word_1_324' title='bbox 1705 2163 1915 2218; x_wconf 89' lang='lat' dir='ltr'><strong>progenie</strong></span> <span class='ocrx_word' id='word_1_325' title='bbox 1955 2162 2088 2205; x_wconf 88' lang='lat' dir='ltr'><strong>fuisse</strong></span> <span class='ocrx_word' id='word_1_326' title='bbox 2129 2162 2412 2219; x_wconf 77' lang='lat' dir='ltr'><strong>perhibetur,</strong></span> <span class='ocrx_word' id='word_1_327' title='bbox 2459 2179 2615 2219; x_wconf 27' lang='lat' dir='ltr'><strong>genus*</strong></span> <span class='ocrx_word' id='word_1_328' title='bbox 2641 2164 2777 2208; x_wconf 80' lang='lat' dir='ltr'><strong>ducit.</strong></span> 
     </span>
    </p>
   </div>
   <div class='ocr_carea' id='block_1_3' title="bbox 192 2330 2832 3500">
    <p class='ocr_par' dir='ltr' id='par_1_6' title="bbox 194 2330 2832 3263">
     <span class='ocr_line' id='line_1_27' title="bbox 197 2330 2776 2379; baseline 0 -11"><span class='ocrx_word' id='word_1_329' title='bbox 197 2337 249 2369; x_wconf 89' lang='lat' dir='ltr'><strong>illi</strong></span> <span class='ocrx_word' id='word_1_330' title='bbox 276 2337 449 2368; x_wconf 88' lang='lat' dir='ltr'><strong>minarum</strong></span> <span class='ocrx_word' id='word_1_331' title='bbox 475 2336 586 2379; x_wconf 91' lang='lat' dir='ltr'><strong>pretio</strong></span> <span class='ocrx_word' id='word_1_332' title='bbox 614 2336 658 2368; x_wconf 90' lang='lat' dir='ltr'><strong>sit</strong></span> <span class='ocrx_word' id='word_1_333' title='bbox 683 2343 864 2368; x_wconf 67' lang='lat' dir='ltr'><strong>mercatus</strong></span> <span class='ocrx_word' id='word_1_334' title='bbox 878 2337 949 2377; x_wconf 85' lang='lat' dir='ltr'><strong>nnn)</strong></span> <span class='ocrx_word' id='word_1_335' title='bbox 1002 2335 1235 2375; x_wconf 86' lang='lat' dir='ltr'><strong>Quamobrem</strong></span> <span class='ocrx_word' id='word_1_336' title='bbox 1263 2340 1314 2367; x_wconf 86' lang='lat' dir='ltr'><strong>ter</strong></span> <span class='ocrx_word' id='word_1_337' title='bbox 1338 2336 1373 2367; x_wconf 93' lang='lat' dir='ltr'><strong>in</strong></span> <span class='ocrx_word' id='word_1_338' title='bbox 1399 2335 1553 2368; x_wconf 89' lang='lat' dir='ltr'><strong>Siciliam</strong></span> <span class='ocrx_word' id='word_1_339' title='bbox 1577 2336 1773 2377; x_wconf 82' lang='lat' dir='ltr'><strong>navigavit;</strong></span> <span class='ocrx_word' id='word_1_340' title='bbox 1805 2345 1845 2367; x_wconf 86' lang='lat' dir='ltr'><strong>ac</strong></span> <span class='ocrx_word' id='word_1_341' title='bbox 1871 2336 2022 2377; x_wconf 89' lang='lat' dir='ltr'><strong>primum</strong></span> <span class='ocrx_word' id='word_1_342' title='bbox 2049 2335 2201 2365; x_wconf 88' lang='lat' dir='ltr'><strong>ardentis</strong></span> <span class='ocrx_word' id='word_1_343' title='bbox 2226 2336 2362 2366; x_wconf 87' lang='lat' dir='ltr'><strong>Aetnae</strong></span> <span class='ocrx_word' id='word_1_344' title='bbox 2388 2336 2554 2367; x_wconf 83' lang='lat' dir='ltr'><strong>visendae</strong></span> <span class='ocrx_word' id='word_1_345' title='bbox 2580 2330 2776 2377; x_wconf 68' lang='lat' dir='ltr'><strong>graliaooo),</strong></span> 
     </span>
     <span class='ocr_line' id='line_1_28' title="bbox 197 2393 2778 2438; baseline 0.001 -12"><span class='ocrx_word' id='word_1_346' title='bbox 197 2396 295 2427; x_wconf 87' lang='lat' dir='ltr'><strong>cuius</strong></span> <span class='ocrx_word' id='word_1_347' title='bbox 321 2395 411 2435; x_wconf 80' lang='lat' dir='ltr'><strong>ignis</strong></span> <span class='ocrx_word' id='word_1_348' title='bbox 437 2405 621 2436; x_wconf 90' lang='lat' dir='ltr'><strong>erumpens</strong></span> <span class='ocrx_word' id='word_1_349' title='bbox 647 2400 778 2426; x_wconf 80' lang='lat' dir='ltr'><strong>aestate</strong></span> <span class='ocrx_word' id='word_1_350' title='bbox 806 2396 1062 2426; x_wconf 88' lang='lat' dir='ltr'><strong>decrementum</strong></span> <span class='ocrx_word' id='word_1_351' title='bbox 1075 2420 1083 2435; x_wconf 93' lang='lat'><strong>,</strong></span> <span class='ocrx_word' id='word_1_352' title='bbox 1110 2395 1233 2436; x_wconf 89' lang='lat' dir='ltr'><strong>hyeme</strong></span> <span class='ocrx_word' id='word_1_353' title='bbox 1252 2405 1335 2426; x_wconf 87' lang='lat' dir='ltr'><strong>vero</strong></span> <span class='ocrx_word' id='word_1_354' title='bbox 1353 2394 1602 2426; x_wconf 87' lang='lat' dir='ltr'><strong>incrementum</strong></span> <span class='ocrx_word' id='word_1_355' title='bbox 1620 2395 1747 2436; x_wconf 86' lang='lat' dir='ltr'><strong>iugiter</strong></span> <span class='ocrx_word' id='word_1_356' title='bbox 1763 2394 1975 2436; x_wconf 85' lang='lat' dir='ltr'><strong>accipiebat,</strong></span> <span class='ocrx_word' id='word_1_357' title='bbox 2001 2394 2202 2425; x_wconf 87' lang='lat' dir='ltr'><strong>dominante</strong></span> <span class='ocrx_word' id='word_1_358' title='bbox 2220 2393 2352 2425; x_wconf 85' lang='lat' dir='ltr'><strong>scilicet</strong></span> <span class='ocrx_word' id='word_1_359' title='bbox 2369 2394 2404 2426; x_wconf 87' lang='lat' dir='ltr'><strong>id</strong></span> <span class='ocrx_word' id='word_1_360' title='bbox 2423 2395 2587 2436; x_wconf 89' lang='lat' dir='ltr'><strong>temporis</strong></span> <span class='ocrx_word' id='word_1_361' title='bbox 2605 2395 2778 2438; x_wconf 82' lang='lat' dir='ltr'><strong>Dionysio</strong></span> 
     </span>
     <span class='ocr_line' id='line_1_29' title="bbox 198 2451 2778 2496; baseline 0.001 -12"><span class='ocrx_word' id='word_1_362' title='bbox 198 2461 363 2496; x_wconf 85' lang='lat' dir='ltr'><strong>tyrann0,</strong></span> <span class='ocrx_word' id='word_1_363' title='bbox 397 2455 455 2494; x_wconf 87' lang='lat' dir='ltr'><strong>qui</strong></span> <span class='ocrx_word' id='word_1_364' title='bbox 483 2454 683 2493; x_wconf 83' lang='lat' dir='ltr'><strong>Platonem,</strong></span> <span class='ocrx_word' id='word_1_365' title='bbox 718 2454 776 2485; x_wconf 89' lang='lat' dir='ltr'><strong>ubi</strong></span> <span class='ocrx_word' id='word_1_366' title='bbox 803 2455 876 2486; x_wconf 90' lang='lat' dir='ltr'><strong>eius</strong></span> <span class='ocrx_word' id='word_1_367' title='bbox 902 2454 1090 2486; x_wconf 88' lang='lat' dir='ltr'><strong>adventum</strong></span> <span class='ocrx_word' id='word_1_368' title='bbox 1116 2454 1301 2493; x_wconf 87' lang='lat' dir='ltr'><strong>intellexit,</strong></span> <span class='ocrx_word' id='word_1_369' title='bbox 1327 2453 1469 2491; x_wconf 86' lang='lat' dir='ltr'><strong>accivit;</strong></span> <span class='ocrx_word' id='word_1_370' title='bbox 1496 2460 1723 2495; x_wconf 83' lang='lat' dir='ltr'><strong>precatusque</strong></span> <span class='ocrx_word' id='word_1_371' title='bbox 1749 2458 1786 2485; x_wconf 88' lang='lat' dir='ltr'><strong>ut</strong></span> <span class='ocrx_word' id='word_1_372' title='bbox 1810 2452 1942 2494; x_wconf 88' lang='lat' dir='ltr'><strong>aliquid</strong></span> <span class='ocrx_word' id='word_1_373' title='bbox 1969 2452 2012 2485; x_wconf 88' lang='lat' dir='ltr'><strong>de</strong></span> <span class='ocrx_word' id='word_1_374' title='bbox 2038 2451 2224 2485; x_wconf 87' lang='lat' dir='ltr'><strong>Rhetorica</strong></span> <span class='ocrx_word' id='word_1_375' title='bbox 2248 2457 2283 2484; x_wconf 90' lang='lat' dir='ltr'><strong>et</strong></span> <span class='ocrx_word' id='word_1_376' title='bbox 2307 2452 2449 2485; x_wconf 90' lang='lat' dir='ltr'><strong>Poetica</strong></span> <span class='ocrx_word' id='word_1_377' title='bbox 2477 2463 2594 2485; x_wconf 90' lang='lat' dir='ltr'><strong>coram</strong></span> <span class='ocrx_word' id='word_1_378' title='bbox 2621 2454 2778 2496; x_wconf 81' lang='lat' dir='ltr'><strong>proferre</strong></span> 
     </span>
     <span class='ocr_line' id='line_1_30' title="bbox 198 2510 2832 2555; baseline 0 -11"><span class='ocrx_word' id='word_1_379' title='bbox 198 2513 321 2552; x_wconf 71' lang='lat' dir='ltr'><strong>vellet,</strong></span> <span class='ocrx_word' id='word_1_380' title='bbox 351 2513 414 2544; x_wconf 90' lang='lat' dir='ltr'><strong>viri</strong></span> <span class='ocrx_word' id='word_1_381' title='bbox 440 2513 674 2555; x_wconf 82' lang='lat' dir='ltr'><strong>eloquentiam</strong></span> <span class='ocrx_word' id='word_1_382' title='bbox 700 2523 740 2545; x_wconf 88' lang='lat' dir='ltr'><strong>ac</strong></span> <span class='ocrx_word' id='word_1_383' title='bbox 764 2513 800 2545; x_wconf 89' lang='lat' dir='ltr'><strong>in</strong></span> <span class='ocrx_word' id='word_1_384' title='bbox 827 2513 974 2545; x_wconf 88' lang='lat' dir='ltr'><strong>diceudo</strong></span> <span class='ocrx_word' id='word_1_385' title='bbox 999 2513 1205 2545; x_wconf 86' lang='lat' dir='ltr'><strong>suavitatem</strong></span> <span class='ocrx_word' id='word_1_386' title='bbox 1230 2511 1380 2544; x_wconf 84' lang='lat' dir='ltr'><strong>maxime</strong></span> <span class='ocrx_word' id='word_1_387' title='bbox 1405 2517 1567 2554; x_wconf 86' lang='lat' dir='ltr'><strong>expertus</strong></span> <span class='ocrx_word' id='word_1_388' title='bbox 1592 2517 1653 2544; x_wconf 89' lang='lat' dir='ltr'><strong>est.</strong></span> <span class='ocrx_word' id='word_1_389' title='bbox 1705 2510 1820 2551; x_wconf 88' lang='lat' dir='ltr'><strong>Quum</strong></span> <span class='ocrx_word' id='word_1_390' title='bbox 1845 2516 1960 2542; x_wconf 90' lang='lat' dir='ltr'><strong>autem</strong></span> <span class='ocrx_word' id='word_1_391' title='bbox 1984 2511 2175 2552; x_wconf 87' lang='lat' dir='ltr'><strong>aliquando</strong></span> <span class='ocrx_word' id='word_1_392' title='bbox 2203 2511 2293 2542; x_wconf 89' lang='lat' dir='ltr'><strong>inter</strong></span> <span class='ocrx_word' id='word_1_393' title='bbox 2318 2511 2616 2544; x_wconf 82' lang='lat' dir='ltr'><strong>confabulandum</strong></span> <span class='ocrx_word' id='word_1_394' title='bbox 2634 2513 2779 2544; x_wconf 84' lang='lat' dir='ltr'><strong>dixisset</strong></span> <span class='ocrx_word' id='word_1_395' title='bbox 2828 2528 2832 2534; x_wconf 83' lang='lat'>=</span> 
     </span>
     <span class='ocr_line' id='line_1_31' title="bbox 196 2569 2777 2614; baseline -0 -10"><span class='ocrx_word' id='word_1_396' title='bbox 196 2573 299 2604; x_wconf 86' lang='lat' dir='ltr'><strong>Plato</strong></span> <span class='ocrx_word' id='word_1_397' title='bbox 324 2582 400 2604; x_wconf 91' lang='lat' dir='ltr'><strong>eam</strong></span> <span class='ocrx_word' id='word_1_398' title='bbox 426 2573 549 2604; x_wconf 79' lang='lat' dir='ltr'><strong>ceteris</strong></span> <span class='ocrx_word' id='word_1_399' title='bbox 575 2569 863 2614; x_wconf 84' lang='lat' dir='ltr'><strong>praestantiorem</strong></span> <span class='ocrx_word' id='word_1_400' title='bbox 889 2583 963 2604; x_wconf 88' lang='lat' dir='ltr'><strong>esse</strong></span> <span class='ocrx_word' id='word_1_401' title='bbox 992 2573 1116 2611; x_wconf 85' lang='lat' dir='ltr'><strong>vitam,</strong></span> <span class='ocrx_word' id='word_1_402' title='bbox 1159 2581 1247 2613; x_wconf 89' lang='lat' dir='ltr'><strong>quae</strong></span> <span class='ocrx_word' id='word_1_403' title='bbox 1274 2570 1406 2612; x_wconf 90' lang='lat' dir='ltr'><strong>legibus</strong></span> <span class='ocrx_word' id='word_1_404' title='bbox 1430 2570 1663 2612; x_wconf 79' lang='lat' dir='ltr'><strong>institutisque</strong></span> <span class='ocrx_word' id='word_1_405' title='bbox 1688 2571 1823 2602; x_wconf 91' lang='lat' dir='ltr'><strong>munita</strong></span> <span class='ocrx_word' id='word_1_406' title='bbox 1850 2571 1911 2609; x_wconf 82' lang='lat' dir='ltr'><strong>sit3</strong></span> <span class='ocrx_word' id='word_1_407' title='bbox 1950 2570 2136 2612; x_wconf 89' lang='lat' dir='ltr'><strong>Tyrannus</strong></span> <span class='ocrx_word' id='word_1_408' title='bbox 2174 2570 2238 2602; x_wconf 89' lang='lat' dir='ltr'><strong>hac</strong></span> <span class='ocrx_word' id='word_1_409' title='bbox 2263 2571 2336 2602; x_wconf 90' lang='lat' dir='ltr'><strong>eius</strong></span> <span class='ocrx_word' id='word_1_410' title='bbox 2361 2572 2533 2603; x_wconf 87' lang='lat' dir='ltr'><strong>sententia</strong></span> <span class='ocrx_word' id='word_1_411' title='bbox 2557 2581 2671 2603; x_wconf 88' lang='lat' dir='ltr'><strong>mores</strong></span> <span class='ocrx_word' id='word_1_412' title='bbox 2697 2581 2777 2603; x_wconf 87' lang='lat' dir='ltr'><strong>suos</strong></span> 
     </span>
     <span class='ocr_line' id='line_1_32' title="bbox 196 2629 2777 2673; baseline -0.001 -10"><span class='ocrx_word' id='word_1_413' title='bbox 196 2641 235 2663; x_wconf 88' lang='lat' dir='ltr'><strong>ac</strong></span> <span class='ocrx_word' id='word_1_414' title='bbox 274 2631 493 2672; x_wconf 82' lang='lat' dir='ltr'><strong>tyrannidem</strong></span> <span class='ocrx_word' id='word_1_415' title='bbox 534 2631 720 2673; x_wconf 84' lang='lat' dir='ltr'><strong>perstringi</strong></span> <span class='ocrx_word' id='word_1_416' title='bbox 759 2637 852 2663; x_wconf 88' lang='lat' dir='ltr'><strong>ratus</strong></span> <span class='ocrx_word' id='word_1_417' title='bbox 863 2631 952 2672; x_wconf 67' lang='grc' dir='ltr'>ΨΜ),</span> <span class='ocrx_word' id='word_1_418' title='bbox 991 2631 1090 2662; x_wconf 91' lang='lat' dir='ltr'><strong>illum</strong></span> <span class='ocrx_word' id='word_1_419' title='bbox 1125 2630 1316 2673; x_wconf 74' lang='lat' dir='ltr'><strong>Polydisss)</strong></span> <span class='ocrx_word' id='word_1_420' title='bbox 1352 2629 1628 2661; x_wconf 87' lang='lat' dir='ltr'><strong>interficiendum</strong></span> <span class='ocrx_word' id='word_1_421' title='bbox 1658 2629 1814 2663; x_wconf 84' lang='lat' dir='ltr'><strong>tradidit.</strong></span> <span class='ocrx_word' id='word_1_422' title='bbox 1866 2629 1901 2660; x_wconf 87' lang='lat' dir='ltr'><strong>Is</strong></span> <span class='ocrx_word' id='word_1_423' title='bbox 1934 2639 2013 2660; x_wconf 90' lang='lat' dir='ltr'><strong>eum</strong></span> <span class='ocrx_word' id='word_1_424' title='bbox 2046 2629 2089 2660; x_wconf 89' lang='lat' dir='ltr'><strong>ad</strong></span> <span class='ocrx_word' id='word_1_425' title='bbox 2124 2629 2297 2671; x_wconf 81' lang='lat' dir='ltr'><strong>Aeginam</strong></span> <span class='ocrx_word' id='word_1_426' title='bbox 2328 2629 2448 2660; x_wconf 89' lang='lat' dir='ltr'><strong>urbem</strong></span> <span class='ocrx_word' id='word_1_427' title='bbox 2483 2630 2630 2671; x_wconf 88' lang='lat' dir='ltr'><strong>patriam</strong></span> <span class='ocrx_word' id='word_1_428' title='bbox 2660 2639 2777 2661; x_wconf 86' lang='lat' dir='ltr'><strong>secum</strong></span> 
     </span>
     <span class='ocr_line' id='line_1_33' title="bbox 195 2687 2776 2732; baseline -0.002 -9"><span class='ocrx_word' id='word_1_429' title='bbox 195 2689 391 2731; x_wconf 85' lang='lat' dir='ltr'><strong>transtulit,</strong></span> <span class='ocrx_word' id='word_1_430' title='bbox 429 2689 545 2732; x_wconf 84' lang='lat' dir='ltr'><strong>ibique</strong></span> <span class='ocrx_word' id='word_1_431' title='bbox 583 2691 701 2723; x_wconf 84' lang='lat' dir='ltr'><strong>vivum</strong></span> <span class='ocrx_word' id='word_1_432' title='bbox 741 2690 898 2722; x_wconf 87' lang='lat' dir='ltr'><strong>vendidit</strong></span> <span class='ocrx_word' id='word_1_433' title='bbox 931 2690 1068 2722; x_wconf 89' lang='lat' dir='ltr'><strong>cuidam</strong></span> <span class='ocrx_word' id='word_1_434' title='bbox 1101 2690 1242 2721; x_wconf 87' lang='lat' dir='ltr'><strong>nomine</strong></span> <span class='ocrx_word' id='word_1_435' title='bbox 1268 2689 1437 2730; x_wconf 84' lang='lat' dir='ltr'><strong>Amporio</strong></span> <span class='ocrx_word' id='word_1_436' title='bbox 1472 2689 1575 2731; x_wconf 89' lang='lat' dir='ltr'><strong>(forte</strong></span> <span class='ocrx_word' id='word_1_437' title='bbox 1601 2688 1906 2728; x_wconf 82' lang='lat' dir='ltr'><strong>Annicerio)¹¹¹¹¹¹),</strong></span> <span class='ocrx_word' id='word_1_438' title='bbox 1947 2687 2104 2719; x_wconf 79' lang='lat' dir='ltr'><strong>Platonis</strong></span> <span class='ocrx_word' id='word_1_439' title='bbox 2129 2688 2258 2727; x_wconf 86' lang='lat' dir='ltr'><strong>amico,</strong></span> <span class='ocrx_word' id='word_1_440' title='bbox 2284 2689 2426 2729; x_wconf 90' lang='lat' dir='ltr'><strong>eiusque</strong></span> <span class='ocrx_word' id='word_1_441' title='bbox 2451 2698 2587 2719; x_wconf 89' lang='lat' dir='ltr'><strong>morum</strong></span> <span class='ocrx_word' id='word_1_442' title='bbox 2611 2689 2776 2719; x_wconf 87' lang='lat' dir='ltr'><strong>studioso.</strong></span> 
     </span>
     <span class='ocr_line' id='line_1_34' title="bbox 196 2746 2777 2791; baseline 0 -12"><span class='ocrx_word' id='word_1_443' title='bbox 196 2748 291 2780; x_wconf 89' lang='lat' dir='ltr'><strong>Dion</strong></span> <span class='ocrx_word' id='word_1_444' title='bbox 316 2758 400 2790; x_wconf 87' lang='lat' dir='ltr'><strong>ergo</strong></span> <span class='ocrx_word' id='word_1_445' title='bbox 427 2750 607 2780; x_wconf 82' lang='lat' dir='ltr'><strong>memorati</strong></span> <span class='ocrx_word' id='word_1_446' title='bbox 633 2758 739 2791; x_wconf 88' lang='lat' dir='ltr'><strong>supra</strong></span> <span class='ocrx_word' id='word_1_447' title='bbox 765 2750 926 2790; x_wconf 86' lang='lat' dir='ltr'><strong>Dionysii</strong></span> <span class='ocrx_word' id='word_1_448' title='bbox 953 2750 1188 2790; x_wconf 88' lang='lat' dir='ltr'><strong>propinquus,</strong></span> <span class='ocrx_word' id='word_1_449' title='bbox 1216 2749 1372 2780; x_wconf 83' lang='lat' dir='ltr'><strong>Platonis</strong></span> <span class='ocrx_word' id='word_1_450' title='bbox 1398 2749 1704 2787; x_wconf 81' lang='lat' dir='ltr'><strong>familiarissimus,</strong></span> <span class='ocrx_word' id='word_1_451' title='bbox 1730 2748 1849 2778; x_wconf 89' lang='lat' dir='ltr'><strong>audito</strong></span> <span class='ocrx_word' id='word_1_452' title='bbox 1876 2747 1970 2778; x_wconf 89' lang='lat' dir='ltr'><strong>illius</strong></span> <span class='ocrx_word' id='word_1_453' title='bbox 1997 2757 2096 2786; x_wconf 89' lang='lat' dir='ltr'><strong>casu,</strong></span> <span class='ocrx_word' id='word_1_454' title='bbox 2122 2758 2269 2787; x_wconf 89' lang='lat' dir='ltr'><strong>eumque</strong></span> <span class='ocrx_word' id='word_1_455' title='bbox 2293 2757 2396 2788; x_wconf 81' lang='lat' dir='ltr'><strong>aegre</strong></span> <span class='ocrx_word' id='word_1_456' title='bbox 2414 2746 2549 2786; x_wconf 85' lang='lat' dir='ltr'><strong>ferens,</strong></span> <span class='ocrx_word' id='word_1_457' title='bbox 2575 2746 2621 2779; x_wconf 86' lang='lat' dir='ltr'><strong>ad</strong></span> <span class='ocrx_word' id='word_1_458' title='bbox 2645 2747 2777 2790; x_wconf 86' lang='lat' dir='ltr'><strong>Ampo-</strong></span> 
     </span>
     <span class='ocr_line' id='line_1_35' title="bbox 195 2803 2778 2850; baseline -0 -11"><span class='ocrx_word' id='word_1_459' title='bbox 195 2808 284 2839; x_wconf 90' lang='lat' dir='ltr'><strong>rium</strong></span> <span class='ocrx_word' id='word_1_460' title='bbox 312 2809 422 2839; x_wconf 89' lang='lat' dir='ltr'><strong>minas</strong></span> <span class='ocrx_word' id='word_1_461' title='bbox 450 2809 593 2850; x_wconf 87' lang='lat' dir='ltr'><strong>triginta</strong></span> <span class='ocrx_word' id='word_1_462' title='bbox 617 2809 712 2840; x_wconf 90' lang='lat' dir='ltr'><strong>illius</strong></span> <span class='ocrx_word' id='word_1_463' title='bbox 732 2809 924 2840; x_wconf 86' lang='lat' dir='ltr'><strong>redimendi</strong></span> <span class='ocrx_word' id='word_1_464' title='bbox 950 2819 1055 2840; x_wconf 84' lang='lat' dir='ltr'><strong>causa</strong></span> <span class='ocrx_word' id='word_1_465' title='bbox 1080 2808 1278 2840; x_wconf 86' lang='lat' dir='ltr'><strong>clanculum</strong></span> <span class='ocrx_word' id='word_1_466' title='bbox 1303 2807 1412 2845; x_wconf 87' lang='lat' dir='ltr'><strong>misit;</strong></span> <span class='ocrx_word' id='word_1_467' title='bbox 1438 2812 1473 2839; x_wconf 85' lang='lat' dir='ltr'><strong>at</strong></span> <span class='ocrx_word' id='word_1_468' title='bbox 1498 2806 1557 2838; x_wconf 90' lang='lat' dir='ltr'><strong>ille</strong></span> <span class='ocrx_word' id='word_1_469' title='bbox 1582 2816 1749 2847; x_wconf 89' lang='lat' dir='ltr'><strong>renuens,</strong></span> <span class='ocrx_word' id='word_1_470' title='bbox 1775 2805 1842 2838; x_wconf 89' lang='lat' dir='ltr'><strong>Hic</strong></span> <span class='ocrx_word' id='word_1_471' title='bbox 1868 2803 2278 2848; x_wconf 31' lang='lat' dir='ltr'><strong>philosophus·(inquit)</strong></span> <span class='ocrx_word' id='word_1_472' title='bbox 2305 2805 2357 2837; x_wconf 87' lang='lat' dir='ltr'><strong>sui</strong></span> <span class='ocrx_word' id='word_1_473' title='bbox 2383 2804 2467 2837; x_wconf 87' lang='lat' dir='ltr'><strong>iuris</strong></span> <span class='ocrx_word' id='word_1_474' title='bbox 2492 2809 2560 2837; x_wconf 87' lang='lat' dir='ltr'><strong>est:</strong></span> <span class='ocrx_word' id='word_1_475' title='bbox 2587 2814 2689 2847; x_wconf 89' lang='lat' dir='ltr'><strong>quem</strong></span> <span class='ocrx_word' id='word_1_476' title='bbox 2713 2815 2778 2848; x_wconf 83' lang='lat' dir='ltr'><strong>ego</strong></span> 
     </span>
     <span class='ocr_line' id='line_1_36' title="bbox 196 2857 2778 2910; baseline 0 -12"><span class='ocrx_word' id='word_1_477' title='bbox 196 2874 233 2898; x_wconf 86' lang='lat' dir='ltr'><strong>ut</strong></span> <span class='ocrx_word' id='word_1_478' title='bbox 265 2868 431 2898; x_wconf 81' lang='lat' dir='ltr'><strong>servitute</strong></span> <span class='ocrx_word' id='word_1_479' title='bbox 466 2869 673 2908; x_wconf 89' lang='lat' dir='ltr'><strong>eximerem,</strong></span> <span class='ocrx_word' id='word_1_480' title='bbox 712 2868 862 2910; x_wconf 91' lang='lat' dir='ltr'><strong>pretium</strong></span> <span class='ocrx_word' id='word_1_481' title='bbox 896 2868 1087 2899; x_wconf 87' lang='lat' dir='ltr'><strong>numeravi.</strong></span> <span class='ocrx_word' id='word_1_482' title='bbox 1100 2867 1170 2908; x_wconf 79' lang='lat' dir='ltr'>vvv)</span> <span class='ocrx_word' id='word_1_483' title='bbox 1221 2857 1428 2909; x_wconf 84' lang='lat' dir='ltr'><strong>Dionysium</strong></span> <span class='ocrx_word' id='word_1_484' title='bbox 1463 2877 1563 2907; x_wconf 90' lang='lat' dir='ltr'><strong>vero,</strong></span> <span class='ocrx_word' id='word_1_485' title='bbox 1598 2866 1655 2898; x_wconf 89' lang='lat' dir='ltr'><strong>ubi</strong></span> <span class='ocrx_word' id='word_1_486' title='bbox 1681 2866 1864 2899; x_wconf 88' lang='lat' dir='ltr'><strong>Platonem</strong></span> <span class='ocrx_word' id='word_1_487' title='bbox 1890 2867 1926 2899; x_wconf 92' lang='lat' dir='ltr'><strong>in</strong></span> <span class='ocrx_word' id='word_1_488' title='bbox 1951 2866 2147 2898; x_wconf 88' lang='lat' dir='ltr'><strong>libertatem</strong></span> <span class='ocrx_word' id='word_1_489' title='bbox 2170 2866 2239 2897; x_wconf 90' lang='lat' dir='ltr'><strong>iam</strong></span> <span class='ocrx_word' id='word_1_490' title='bbox 2265 2866 2479 2898; x_wconf 86' lang='lat' dir='ltr'><strong>vindicatum</strong></span> <span class='ocrx_word' id='word_1_491' title='bbox 2505 2875 2580 2898; x_wconf 81' lang='lat' dir='ltr'><strong>esse</strong></span> <span class='ocrx_word' id='word_1_492' title='bbox 2604 2867 2778 2908; x_wconf 85' lang='lat' dir='ltr'><strong>cognovit,</strong></span> 
     </span>
     <span class='ocr_line' id='line_1_37' title="bbox 196 2923 2777 2968; baseline -0 -10"><span class='ocrx_word' id='word_1_493' title='bbox 196 2926 366 2968; x_wconf 87' lang='lat' dir='ltr'><strong>poenituit</strong></span> <span class='ocrx_word' id='word_1_494' title='bbox 392 2926 493 2957; x_wconf 87' lang='lat' dir='ltr'><strong>facti:</strong></span> <span class='ocrx_word' id='word_1_495' title='bbox 522 2936 629 2968; x_wconf 90' lang='lat' dir='ltr'><strong>quare</strong></span> <span class='ocrx_word' id='word_1_496' title='bbox 656 2926 774 2958; x_wconf 87' lang='lat' dir='ltr'><strong>literas</strong></span> <span class='ocrx_word' id='word_1_497' title='bbox 801 2926 903 2965; x_wconf 88' lang='lat' dir='ltr'><strong>misit,</strong></span> <span class='ocrx_word' id='word_1_498' title='bbox 931 2925 1055 2966; x_wconf 91' lang='lat' dir='ltr'><strong>quibus</strong></span> <span class='ocrx_word' id='word_1_499' title='bbox 1082 2931 1117 2957; x_wconf 93' lang='lat' dir='ltr'><strong>et</strong></span> <span class='ocrx_word' id='word_1_500' title='bbox 1141 2925 1234 2957; x_wconf 88' lang='lat' dir='ltr'><strong>illius</strong></span> <span class='ocrx_word' id='word_1_501' title='bbox 1261 2924 1412 2957; x_wconf 88' lang='lat' dir='ltr'><strong>molliret</strong></span> <span class='ocrx_word' id='word_1_502' title='bbox 1436 2926 1600 2965; x_wconf 88' lang='lat' dir='ltr'><strong>animum,</strong></span> <span class='ocrx_word' id='word_1_503' title='bbox 1628 2931 1663 2957; x_wconf 90' lang='lat' dir='ltr'><strong>et</strong></span> <span class='ocrx_word' id='word_1_504' title='bbox 1686 2936 1721 2957; x_wconf 89' lang='lat' dir='ltr'><strong>se</strong></span> <span class='ocrx_word' id='word_1_505' title='bbox 1747 2926 1790 2957; x_wconf 92' lang='lat' dir='ltr'><strong>de</strong></span> <span class='ocrx_word' id='word_1_506' title='bbox 1814 2936 1851 2957; x_wconf 91' lang='lat' dir='ltr'><strong>re</strong></span> <span class='ocrx_word' id='word_1_507' title='bbox 1877 2925 1968 2957; x_wconf 88' lang='lat' dir='ltr'><strong>male</strong></span> <span class='ocrx_word' id='word_1_508' title='bbox 1994 2929 2131 2966; x_wconf 86' lang='lat' dir='ltr'><strong>patrata</strong></span> <span class='ocrx_word' id='word_1_509' title='bbox 2154 2929 2337 2966; x_wconf 82' lang='lat' dir='ltr'><strong>purgaret3</strong></span> <span class='ocrx_word' id='word_1_510' title='bbox 2363 2923 2406 2956; x_wconf 90' lang='lat' dir='ltr'><strong>ab</strong></span> <span class='ocrx_word' id='word_1_511' title='bbox 2425 2924 2487 2957; x_wconf 89' lang='lat' dir='ltr'><strong>illo</strong></span> <span class='ocrx_word' id='word_1_512' title='bbox 2505 2924 2643 2957; x_wconf 86' lang='lat' dir='ltr'><strong>interim</strong></span> <span class='ocrx_word' id='word_1_513' title='bbox 2660 2930 2777 2968; x_wconf 85' lang='lat' dir='ltr'><strong>postu·</strong></span> 
     </span>
     <span class='ocr_line' id='line_1_38' title="bbox 196 2981 2778 3026; baseline -0 -10"><span class='ocrx_word' id='word_1_514' title='bbox 196 2986 271 3018; x_wconf 87' lang='lat' dir='ltr'><strong>lans</strong></span> <span class='ocrx_word' id='word_1_515' title='bbox 297 2991 335 3017; x_wconf 89' lang='lat' dir='ltr'><strong>ut</strong></span> <span class='ocrx_word' id='word_1_516' title='bbox 360 2986 433 3017; x_wconf 90' lang='lat' dir='ltr'><strong>eius</strong></span> <span class='ocrx_word' id='word_1_517' title='bbox 460 2995 586 3017; x_wconf 90' lang='lat' dir='ltr'><strong>nomen</strong></span> <span class='ocrx_word' id='word_1_518' title='bbox 614 2995 677 3017; x_wconf 89' lang='lat' dir='ltr'><strong>nec</strong></span> <span class='ocrx_word' id='word_1_519' title='bbox 702 2985 737 3017; x_wconf 93' lang='lat' dir='ltr'><strong>in</strong></span> <span class='ocrx_word' id='word_1_520' title='bbox 764 2984 993 3017; x_wconf 84' lang='lat' dir='ltr'><strong>concionibus</strong></span> <span class='ocrx_word' id='word_1_521' title='bbox 1019 2995 1081 3016; x_wconf 89' lang='lat' dir='ltr'><strong>nec</strong></span> <span class='ocrx_word' id='word_1_522' title='bbox 1106 2981 1143 3018; x_wconf 81' lang='lat' dir='ltr'><strong>in</strong></span> <span class='ocrx_word' id='word_1_523' title='bbox 1169 2984 1378 3016; x_wconf 87' lang='lat' dir='ltr'><strong>carminibus</strong></span> <span class='ocrx_word' id='word_1_524' title='bbox 1403 2990 1571 3026; x_wconf 84' lang='lat' dir='ltr'><strong>carperet.</strong></span> <span class='ocrx_word' id='word_1_525' title='bbox 1622 2983 1687 3016; x_wconf 89' lang='lat' dir='ltr'><strong>Cui</strong></span> <span class='ocrx_word' id='word_1_526' title='bbox 1712 2984 1830 3018; x_wconf 88' lang='lat' dir='ltr'><strong>Plato:</strong></span> <span class='ocrx_word' id='word_1_527' title='bbox 1861 2984 1942 3017; x_wconf 82' lang='lat' dir='ltr'><strong>Non</strong></span> <span class='ocrx_word' id='word_1_528' title='bbox 1977 2983 2062 3016; x_wconf 89' lang='lat' dir='ltr'><strong>mihi</strong></span> <span class='ocrx_word' id='word_1_529' title='bbox 2097 2989 2230 3015; x_wconf 79' lang='lat' dir='ltr'><strong>tantum</strong></span> <span class='ocrx_word' id='word_1_530' title='bbox 2255 2988 2413 3025; x_wconf 85' lang='lat' dir='ltr'><strong>superest</strong></span> <span class='ocrx_word' id='word_1_531' title='bbox 2445 2983 2523 3024; x_wconf 89' lang='lat' dir='ltr'><strong>otii,</strong></span> <span class='ocrx_word' id='word_1_532' title='bbox 2555 2988 2594 3016; x_wconf 90' lang='lat' dir='ltr'><strong>ut</strong></span> <span class='ocrx_word' id='word_1_533' title='bbox 2616 2983 2778 3026; x_wconf 85' lang='lat' dir='ltr'><strong>Dionysii</strong></span> 
     </span>
     <span class='ocr_line' id='line_1_39' title="bbox 195 3042 2778 3086; baseline -0 -10"><span class='ocrx_word' id='word_1_534' title='bbox 195 3045 391 3076; x_wconf 88' lang='lat' dir='ltr'><strong>meminisse</strong></span> <span class='ocrx_word' id='word_1_535' title='bbox 417 3050 524 3076; x_wconf 83' lang='lat' dir='ltr'><strong>vacet.</strong></span> <span class='ocrx_word' id='word_1_536' title='bbox 535 3047 629 3084; x_wconf 59' lang='grc' dir='ltr'><strong>ΜΝ)</strong></span> <span class='ocrx_word' id='word_1_537' title='bbox 680 3045 810 3076; x_wconf 81' lang='lat' dir='ltr'><strong>Iterum</strong></span> <span class='ocrx_word' id='word_1_538' title='bbox 837 3044 871 3075; x_wconf 89' lang='lat' dir='ltr'><strong>in</strong></span> <span class='ocrx_word' id='word_1_539' title='bbox 897 3043 1052 3076; x_wconf 90' lang='lat' dir='ltr'><strong>Siciliam</strong></span> <span class='ocrx_word' id='word_1_540' title='bbox 1079 3043 1182 3075; x_wconf 85' lang='lat' dir='ltr'><strong>Plato</strong></span> <span class='ocrx_word' id='word_1_541' title='bbox 1210 3043 1314 3075; x_wconf 89' lang='lat' dir='ltr'><strong>rediit</strong></span> <span class='ocrx_word' id='word_1_542' title='bbox 1337 3054 1397 3085; x_wconf 89' lang='lat' dir='ltr'><strong>spe</strong></span> <span class='ocrx_word' id='word_1_543' title='bbox 1414 3043 1510 3075; x_wconf 89' lang='lat' dir='ltr'><strong>Libri</strong></span> <span class='ocrx_word' id='word_1_544' title='bbox 1530 3043 1584 3076; x_wconf 90' lang='lat' dir='ltr'><strong>De</strong></span> <span class='ocrx_word' id='word_1_545' title='bbox 1602 3043 1764 3086; x_wconf 80' lang='lat' dir='ltr'><strong>Legibus,</strong></span> <span class='ocrx_word' id='word_1_546' title='bbox 1792 3054 1893 3086; x_wconf 90' lang='lat' dir='ltr'><strong>quem</strong></span> <span class='ocrx_word' id='word_1_547' title='bbox 1920 3044 1952 3076; x_wconf 90' lang='lat' dir='ltr'><strong>ei</strong></span> <span class='ocrx_word' id='word_1_548' title='bbox 1969 3043 2161 3086; x_wconf 84' lang='lat' dir='ltr'><strong>Dionysius</strong></span> <span class='ocrx_word' id='word_1_549' title='bbox 2187 3042 2361 3085; x_wconf 86' lang='lat' dir='ltr'><strong>pollicitus</strong></span> <span class='ocrx_word' id='word_1_550' title='bbox 2387 3047 2471 3084; x_wconf 84' lang='lat' dir='ltr'><strong>erat,</strong></span> <span class='ocrx_word' id='word_1_551' title='bbox 2497 3042 2778 3086; x_wconf 51' lang='lat' dir='ltr'><strong>decipiendam)</strong></span> 
     </span>
     <span class='ocr_line' id='line_1_40' title="bbox 195 3101 2778 3145; baseline -0.001 -10"><span class='ocrx_word' id='word_1_552' title='bbox 195 3104 315 3135; x_wconf 87' lang='lat' dir='ltr'><strong>Tertio</strong></span> <span class='ocrx_word' id='word_1_553' title='bbox 350 3103 506 3143; x_wconf 89' lang='lat' dir='ltr'><strong>demum,</strong></span> <span class='ocrx_word' id='word_1_554' title='bbox 547 3109 582 3135; x_wconf 90' lang='lat' dir='ltr'><strong>ut</strong></span> <span class='ocrx_word' id='word_1_555' title='bbox 610 3103 778 3143; x_wconf 91' lang='lat' dir='ltr'><strong>Dionem,</strong></span> <span class='ocrx_word' id='word_1_556' title='bbox 817 3103 874 3144; x_wconf 92' lang='lat' dir='ltr'><strong>qui</strong></span> <span class='ocrx_word' id='word_1_557' title='bbox 913 3103 947 3134; x_wconf 92' lang='lat' dir='ltr'><strong>in</strong></span> <span class='ocrx_word' id='word_1_558' title='bbox 975 3102 1184 3144; x_wconf 90' lang='lat' dir='ltr'><strong>Dionysium</strong></span> <span class='ocrx_word' id='word_1_559' title='bbox 1217 3107 1403 3144; x_wconf 83' lang='lat' dir='ltr'><strong>tyrannum</strong></span> <span class='ocrx_word' id='word_1_560' title='bbox 1433 3102 1632 3144; x_wconf 84' lang='lat' dir='ltr'><strong>insurgens,</strong></span> <span class='ocrx_word' id='word_1_561' title='bbox 1670 3103 1836 3135; x_wconf 86' lang='lat' dir='ltr'><strong>maiorem</strong></span> <span class='ocrx_word' id='word_1_562' title='bbox 1862 3102 1975 3145; x_wconf 82' lang='lat' dir='ltr'><strong>Regni</strong></span> <span class='ocrx_word' id='word_1_563' title='bbox 2008 3109 2141 3145; x_wconf 87' lang='lat' dir='ltr'><strong>partem</strong></span> <span class='ocrx_word' id='word_1_564' title='bbox 2176 3102 2210 3133; x_wconf 92' lang='lat' dir='ltr'><strong>in</strong></span> <span class='ocrx_word' id='word_1_565' title='bbox 2246 3101 2441 3134; x_wconf 85' lang='lat' dir='ltr'><strong>libertatem</strong></span> <span class='ocrx_word' id='word_1_566' title='bbox 2475 3106 2689 3142; x_wconf 86' lang='lat' dir='ltr'><strong>asseruerat,</strong></span> <span class='ocrx_word' id='word_1_567' title='bbox 2725 3102 2778 3134; x_wconf 84' lang='lat' dir='ltr'><strong>illi</strong></span> 
     </span>
     <span class='ocr_line' id='line_1_41' title="bbox 195 3160 2778 3204; baseline -0.001 -10"><span class='ocrx_word' id='word_1_568' title='bbox 195 3163 444 3194; x_wconf 85' lang='lat' dir='ltr'><strong>reconciliaret.</strong></span> <span class='ocrx_word' id='word_1_569' title='bbox 497 3163 618 3203; x_wconf 85' lang='lat' dir='ltr'><strong>Itaque</strong></span> <span class='ocrx_word' id='word_1_570' title='bbox 644 3162 766 3202; x_wconf 88' lang='lat' dir='ltr'><strong>Plato,</strong></span> <span class='ocrx_word' id='word_1_571' title='bbox 807 3162 860 3194; x_wconf 93' lang='lat' dir='ltr'><strong>cui</strong></span> <span class='ocrx_word' id='word_1_572' title='bbox 893 3171 1028 3202; x_wconf 90' lang='lat' dir='ltr'><strong>semper</strong></span> <span class='ocrx_word' id='word_1_573' title='bbox 1054 3161 1165 3192; x_wconf 86' lang='lat' dir='ltr'><strong>visum</strong></span> <span class='ocrx_word' id='word_1_574' title='bbox 1193 3167 1244 3193; x_wconf 86' lang='lat' dir='ltr'><strong>est</strong></span> <span class='ocrx_word' id='word_1_575' title='bbox 1270 3161 1332 3193; x_wconf 87' lang='lat' dir='ltr'><strong>Rei</strong></span> <span class='ocrx_word' id='word_1_576' title='bbox 1358 3160 1516 3202; x_wconf 89' lang='lat' dir='ltr'><strong>publicae</strong></span> <span class='ocrx_word' id='word_1_577' title='bbox 1542 3161 1740 3194; x_wconf 78' lang='lat' dir='ltr'><strong>felicitatem</strong></span> <span class='ocrx_word' id='word_1_578' title='bbox 1765 3167 1800 3194; x_wconf 91' lang='lat' dir='ltr'><strong>et</strong></span> <span class='ocrx_word' id='word_1_579' title='bbox 1825 3162 1980 3204; x_wconf 89' lang='lat' dir='ltr'><strong>requiem</strong></span> <span class='ocrx_word' id='word_1_580' title='bbox 2007 3171 2050 3193; x_wconf 89' lang='lat' dir='ltr'><strong>ex</strong></span> <span class='ocrx_word' id='word_1_581' title='bbox 2076 3161 2329 3203; x_wconf 79' lang='lat' dir='ltr'><strong>sapientissima</strong></span> <span class='ocrx_word' id='word_1_582' title='bbox 2353 3161 2653 3193; x_wconf 85' lang='lat' dir='ltr'><strong>administratione</strong></span> <span class='ocrx_word' id='word_1_583' title='bbox 2677 3161 2778 3193; x_wconf 92' lang='lat' dir='ltr'><strong>unice</strong></span> 
     </span>
     <span class='ocr_line' id='line_1_42' title="bbox 194 3219 1348 3263; baseline -0.002 -9"><span class='ocrx_word' id='word_1_584' title='bbox 194 3222 357 3263; x_wconf 86' lang='lat' dir='ltr'><strong>pendere,</strong></span> <span class='ocrx_word' id='word_1_585' title='bbox 385 3220 527 3253; x_wconf 89' lang='lat' dir='ltr'><strong>Librum</strong></span> <span class='ocrx_word' id='word_1_586' title='bbox 554 3221 608 3253; x_wconf 93' lang='lat' dir='ltr'><strong>De</strong></span> <span class='ocrx_word' id='word_1_587' title='bbox 636 3220 787 3263; x_wconf 81' lang='lat' dir='ltr'><strong>Legibus</strong></span> <span class='ocrx_word' id='word_1_588' title='bbox 812 3219 963 3252; x_wconf 88' lang='lat' dir='ltr'><strong>scribere</strong></span> <span class='ocrx_word' id='word_1_589' title='bbox 988 3229 1173 3261; x_wconf 83' lang='lat' dir='ltr'><strong>aggressus</strong></span> <span class='ocrx_word' id='word_1_590' title='bbox 1200 3220 1348 3260; x_wconf 51' lang='lat' dir='ltr'><strong>estdyy)</strong></span> 
     </span>
    </p>

    <p class='ocr_par' dir='ltr' id='par_1_7' title="bbox 192 3278 2777 3500">
     <span class='ocr_line' id='line_1_43' title="bbox 408 3278 2777 3322; baseline -0.001 -9"><span class='ocrx_word' id='word_1_591' title='bbox 408 3279 556 3313; x_wconf 87' lang='lat' dir='ltr'><strong>Scholae</strong></span> <span class='ocrx_word' id='word_1_592' title='bbox 582 3280 784 3313; x_wconf 85' lang='lat' dir='ltr'><strong>Platonicae</strong></span> <span class='ocrx_word' id='word_1_593' title='bbox 810 3284 998 3311; x_wconf 83' lang='lat' dir='ltr'><strong>sectatores</strong></span> <span class='ocrx_word' id='word_1_594' title='bbox 1022 3280 1178 3321; x_wconf 73' lang='lat' dir='ltr'><strong>suntzA)</strong></span> <span class='ocrx_word' id='word_1_595' title='bbox 1205 3279 1418 3321; x_wconf 86' lang='lat' dir='ltr'><strong>Speusippus</strong></span> <span class='ocrx_word' id='word_1_596' title='bbox 1444 3279 1689 3319; x_wconf 85' lang='lat' dir='ltr'><strong>Atheniensis,</strong></span> <span class='ocrx_word' id='word_1_597' title='bbox 1716 3280 1875 3310; x_wconf 83' lang='lat' dir='ltr'><strong>Platonis</strong></span> <span class='ocrx_word' id='word_1_598' title='bbox 1900 3289 1944 3310; x_wconf 83' lang='lat' dir='ltr'><strong>ex</strong></span> <span class='ocrx_word' id='word_1_599' title='bbox 1970 3288 2090 3310; x_wconf 82' lang='lat' dir='ltr'><strong>sorore</strong></span> <span class='ocrx_word' id='word_1_600' title='bbox 2116 3289 2240 3320; x_wconf 89' lang='lat' dir='ltr'><strong>nepos,</strong></span> <span class='ocrx_word' id='word_1_601' title='bbox 2268 3279 2485 3311; x_wconf 84' lang='lat' dir='ltr'><strong>Xenocrates</strong></span> <span class='ocrx_word' id='word_1_602' title='bbox 2511 3278 2777 3322; x_wconf 81' lang='lat' dir='ltr'><strong>Chalcedonius,</strong></span> 
     </span>
     <span class='ocr_line' id='line_1_44' title="bbox 196 3335 2777 3382; baseline -0.002 -10"><span class='ocrx_word' id='word_1_603' title='bbox 196 3339 402 3373; x_wconf 83' lang='lat' dir='ltr'><strong>Aristoteles</strong></span> <span class='ocrx_word' id='word_1_604' title='bbox 427 3339 613 3382; x_wconf 84' lang='lat' dir='ltr'><strong>Stagirita,</strong></span> <span class='ocrx_word' id='word_1_605' title='bbox 654 3339 799 3370; x_wconf 81' lang='lat' dir='ltr'><strong>Procius</strong></span> <span class='ocrx_word' id='word_1_606' title='bbox 825 3338 1101 3378; x_wconf 81' lang='lat' dir='ltr'><strong>Nithinensisss)</strong></span> <span class='ocrx_word' id='word_1_607' title='bbox 1136 3339 1321 3380; x_wconf 88' lang='lat' dir='ltr'><strong>Philippus</strong></span> <span class='ocrx_word' id='word_1_608' title='bbox 1348 3337 1600 3380; x_wconf 82' lang='lat' dir='ltr'><strong>OpuntiusB)‚</strong></span> <span class='ocrx_word' id='word_1_609' title='bbox 1637 3339 1818 3370; x_wconf 80' lang='lat' dir='ltr'><strong>Hestiaeus</strong></span> <span class='ocrx_word' id='word_1_610' title='bbox 1853 3338 2074 3378; x_wconf 79' lang='lat' dir='ltr'><strong>Pei-inthius,</strong></span> <span class='ocrx_word' id='word_1_611' title='bbox 2108 3337 2284 3379; x_wconf 84' lang='lat' dir='ltr'><strong>Archytas</strong></span> <span class='ocrx_word' id='word_1_612' title='bbox 2310 3337 2542 3377; x_wconf 85' lang='lat' dir='ltr'><strong>Tarentinus,</strong></span> <span class='ocrx_word' id='word_1_613' title='bbox 2577 3336 2648 3369; x_wconf 91' lang='lat' dir='ltr'><strong>Dio</strong></span> <span class='ocrx_word' id='word_1_614' title='bbox 2672 3335 2777 3379; x_wconf 75' lang='lat' dir='ltr'><strong>Syra·-</strong></span> 
     </span>
     <span class='ocr_line' id='line_1_45' title="bbox 192 3393 2776 3439; baseline -0.001 -8"><span class='ocrx_word' id='word_1_615' title='bbox 192 3409 361 3438; x_wconf 69' lang='lat' dir='ltr'><strong>cusaum,</strong></span> <span class='ocrx_word' id='word_1_616' title='bbox 388 3399 553 3430; x_wconf 87' lang='lat' dir='ltr'><strong>Nicolaus</strong></span> <span class='ocrx_word' id='word_1_617' title='bbox 567 3398 603 3437; x_wconf 91' lang='lat' dir='ltr'><strong>c)</strong></span> <span class='ocrx_word' id='word_1_618' title='bbox 631 3400 837 3430; x_wconf 83' lang='lat' dir='ltr'><strong>Aristeanus</strong></span> <span class='ocrx_word' id='word_1_619' title='bbox 851 3397 910 3438; x_wconf 70' lang='lat' dir='ltr'><strong>l2),</strong></span> <span class='ocrx_word' id='word_1_620' title='bbox 938 3398 1100 3429; x_wconf 81' lang='lat' dir='ltr'><strong>Coriseus</strong></span> <span class='ocrx_word' id='word_1_621' title='bbox 1126 3397 1307 3439; x_wconf 86' lang='lat' dir='ltr'><strong>Scepsius,</strong></span> <span class='ocrx_word' id='word_1_622' title='bbox 1334 3398 1514 3430; x_wconf 86' lang='lat' dir='ltr'><strong>Timolaus</strong></span> <span class='ocrx_word' id='word_1_623' title='bbox 1540 3396 1754 3439; x_wconf 83' lang='lat' dir='ltr'><strong>Cyzicenus,</strong></span> <span class='ocrx_word' id='word_1_624' title='bbox 1780 3397 1925 3429; x_wconf 82' lang='lat' dir='ltr'><strong>Euaeon</strong></span> <span class='ocrx_word' id='word_1_625' title='bbox 1951 3396 2227 3439; x_wconf 84' lang='lat' dir='ltr'><strong>Lampsacenus,</strong></span> <span class='ocrx_word' id='word_1_626' title='bbox 2252 3396 2480 3430; x_wconf 85' lang='lat' dir='ltr'><strong>Menedemus</strong></span> <span class='ocrx_word' id='word_1_627' title='bbox 2507 3394 2715 3429; x_wconf 76' lang='lat' dir='ltr'><strong>Eretriensis</strong></span> <span class='ocrx_word' id='word_1_628' title='bbox 2725 3393 2776 3435; x_wconf 77' lang='lat'><strong>¹³),</strong></span> 
     </span>
     <span class='ocr_line' id='line_1_46' title="bbox 194 3455 2333 3500; baseline -0.001 -9"><span class='ocrx_word' id='word_1_629' title='bbox 194 3460 398 3491; x_wconf 75' lang='lat' dir='ltr'><strong>Heraclides</strong></span> <span class='ocrx_word' id='word_1_630' title='bbox 427 3460 577 3497; x_wconf 73' lang='lat' dir='ltr'><strong>Aenius,</strong></span> <span class='ocrx_word' id='word_1_631' title='bbox 606 3459 837 3500; x_wconf 84' lang='lat' dir='ltr'><strong>Hippothales</strong></span> <span class='ocrx_word' id='word_1_632' title='bbox 864 3465 897 3490; x_wconf 87' lang='lat' dir='ltr'><strong>et</strong></span> <span class='ocrx_word' id='word_1_633' title='bbox 922 3456 1074 3498; x_wconf 74' lang='lat' dir='ltr'><strong>PhiloF)</strong></span> <span class='ocrx_word' id='word_1_634' title='bbox 1101 3458 1355 3498; x_wconf 82' lang='lat' dir='ltr'><strong>Athenienses,</strong></span> <span class='ocrx_word' id='word_1_635' title='bbox 1384 3457 1581 3490; x_wconf 85' lang='lat' dir='ltr'><strong>Demetrius</strong></span> <span class='ocrx_word' id='word_1_636' title='bbox 1612 3455 1887 3499; x_wconf 81' lang='lat' dir='ltr'><strong>Amphipolites,</strong></span> <span class='ocrx_word' id='word_1_637' title='bbox 1913 3460 2016 3498; x_wconf 79' lang='lat' dir='ltr'><strong>atque</strong></span> <span class='ocrx_word' id='word_1_638' title='bbox 2042 3455 2100 3489; x_wconf 81' lang='lat' dir='ltr'><strong>alii</strong></span> <span class='ocrx_word' id='word_1_639' title='bbox 2127 3455 2333 3499; x_wconf 75' lang='lat' dir='ltr'><strong>complures.</strong></span> 
     </span>
    </p>
   </div>
   <div class='ocr_carea' id='block_1_4' title="bbox 2962 272 2998 2681">
    <p class='ocr_par' dir='ltr' id='par_1_8' title="bbox 2962 272 2998 2681">
     <span class='ocr_line' id='line_1_47' title="bbox 2962 272 2998 2681; baseline 0 0"><span class='ocrx_word' id='word_1_640' title='bbox 2962 272 2998 2681; x_wconf 95' lang='lat' dir='ltr'><strong> </strong></span> 
     </span>
    </p>
   </div>
   <div class='ocr_carea' id='block_1_5' title="bbox 2950 3113 2985 3503">
    <p class='ocr_par' dir='ltr' id='par_1_9' title="bbox 2950 3113 2985 3503">
     <span class='ocr_line' id='line_1_48' title="bbox 2950 3113 2985 3503; baseline 0 431"><span class='ocrx_word' id='word_1_641' title='bbox 2950 3113 2985 3503; x_wconf 95' lang='lat' dir='ltr'><strong> </strong></span> 
     </span>
    </p>
   </div>
  </div>
 </body>
</html>
