2998 3934
206 196 236 259 2

204 328 408 373 Oxoniae
439 327 594 384 1663),
625 326 933 380 Barhebraeus
963 326 1188 372 Chronico
1217 326 1403 384 Syriaco
1432 342 1476 385 p.
1507 328 1565 372 54
1593 342 1658 384 sq.
1690 325 1808 379 (edd.
1840 326 1987 372 Bruns
2017 334 2064 372 et
2091 327 2256 373 Kirsch
2278 327 2462 386 Lipsiae
2495 329 2657 386 1789),
2686 345 2783 375 eam

204 419 305 446 cum
350 402 456 446 satis
498 408 670 446 constet
710 402 948 460 sumpsisse
991 401 1117 444 illum
1161 408 1205 445 et
1242 401 1513 446 contraxisse
1551 418 1608 446 ex
1647 400 1745 453 illa,
1792 414 1925 457 quam
1962 416 1989 445 a
2024 400 2347 447 Genialeddino
2378 402 2561 461 Coptita
2600 401 2710 460 (Ibn
2727 398 2783 448 ’al

204 476 432 534 Kophthi)
462 476 755 533 conscriptam
787 475 928 520 edidit
957 474 1153 519 Michael
1183 474 1422 520 Casirius
1410 491 1457 518 m
1478 473 1757 520 Bibliotheca
1780 473 2222 535 Arabico·Hispana
2240 474 2538 522 Escurialensi
2567 477 2593 522 1
2620 493 2663 536 p.
2695 466 2777 522 301

202 565 299 607 sqq.
331 549 529 606 (Matriti
561 549 714 607 1760),
760 549 842 593 hac
887 564 1066 605 quoque
1110 556 1161 592 ut
1200 549 1396 606 comperi
1426 558 1597 594 exstare
1625 547 1962 606 locupletiorem
1990 549 2165 625 tertiam
2197 557 2242 594 et
2269 550 2585 608 antiquiorem,
2632 552 2782 596 nescio

203 625 452 681 ignoratam
489 640 584 667 eam
617 623 758 681 magis
788 640 815 666 a
842 623 950 667 viris
980 622 1123 667 doctis
1148 639 1204 666 an
1233 623 1345 667 mire
1374 623 1641 680 neglectam,
1688 621 1826 680 digna
1853 638 1905 666 ea
1934 618 2043 667 mihi
2071 615 2166 669 visa
2194 630 2282 678 est,
2312 622 2359 667 in
2388 638 2478 681 qna
2506 639 2607 669 cum
2637 623 2780 670 Grae-

204 714 356 742 corum
402 705 633 742 auctorum
671 697 968 741 monumentis
1007 696 1276 742 conferenda
1312 696 1483 754 aliquot
1511 695 1606 741 dies
1635 711 1952 741 consumerem.
2013 695 2159 753 Quo
2146 713 2194 741 in
2223 704 2484 756 argumento
2515 713 2628 755 quae
2658 714 2780 745 com-

203 780 422 817 mentatus
451 789 573 826 sum,
603 787 722 815 nunc
752 787 853 816 cum
883 770 1001 815 bona
1028 787 1137 829 pace
1167 787 1346 826 eorum,
1386 770 1548 828 quibus
1577 769 1686 815 haec
1716 769 1862 815 studia
1892 770 2018 815 cordi
2046 777 2172 826 sunt,
2202 771 2454 817 exhibituro
2486 771 2596 816 mihi
2627 772 2779 818 eadem

204 863 316 903 quae
346 847 450 890 olim
482 848 607 903 (fasc.
638 845 663 889 I
692 861 736 903 p.
768 846 818 902 4)
849 845 979 889 venia
1007 844 1249 903 praefanda
1278 852 1364 898 est,
1394 845 1472 902 qui
1501 845 1558 889 ad
1589 844 1698 889 haec
1728 845 2064 889 commentanda
2091 847 2349 891 accesserim
2378 843 2631 906 linguarum
2662 847 2778 891 Ara-

202 921 326 965 bicae
371 928 415 965 et
451 920 661 978 Syriacae
700 920 859 978 peritia
897 919 1141 977 perexigua
1175 935 1227 963 ac
1263 935 1402 977 prope
1433 918 1554 963 nulla
1583 925 1628 963 et
1655 918 1870 977 adparatu
1899 918 2117 963 librorum
2147 920 2230 965 hac
2258 920 2306 965 in
2337 921 2448 966 urbe
2477 937 2566 965 non
2598 919 2777 978 quidem

202 995 324 1039 nullo
367 995 445 1041 sed
482 994 750 1053 frigentibus
789 994 881 1038 fere
920 1001 1022 1052 post
1051 993 1290 1039 Rinckium
1331 1009 1382 1038 ac
1412 992 1870 1052 Trendelenburgium
1900 992 1969 1039 his
1995 994 2154 1039 litteris
2183 1002 2311 1039 curto
2342 1010 2610 1054 mancoque,
2655 1002 2706 1040 ut
2735 1003 2781 1040 et

201 1071 495 1128 interpretum
526 1086 582 1114 ex
609 1069 698 1114 fide
728 1085 798 1113 res
827 1068 999 1126 agenda
1027 1068 1097 1123 sit,
1129 1076 1173 1113 et
1192 1068 1459 1127 scriptorum
1481 1068 1606 1113 libris
1626 1083 1715 1112 non
1737 1066 1870 1111 modo
1891 1068 1954 1113 eis
1974 1069 2052 1126 qui
2072 1068 2269 1113 nondum
2289 1076 2393 1114 sunt
2412 1071 2534 1129 typis
2555 1071 2778 1129 exscripti,

200 1146 324 1188 velut
351 1143 823 1189 Ibn-Abi-Osaibiae
854 1150 897 1186 et
927 1142 1257 1187 Muhammedis
1286 1143 1424 1187 Isaaci
1454 1144 1483 1186 f.
1515 1144 1776 1200 cognomine
1802 1143 2053 1196 Annadim,
2073 1145 2162 1200 'qui
2193 1152 2238 1188 et
2267 1144 2689 1200 Ibn-Abi-Iakub,
2721 1171 2776 1178 —

202 1220 357 1262 omitto
402 1219 533 1275 alios,
579 1246 634 1252 -—
678 1217 755 1263 sed
801 1218 854 1261 iis
900 1233 1078 1274 quoque
1122 1217 1362 1261 carendum
1407 1217 1484 1272 sit,
1531 1234 1642 1275 quos
1684 1217 1824 1262 editos
1863 1225 1907 1262 et
1935 1217 1981 1261 in
2012 1217 2209 1276 linguam
2238 1218 2430 1276 aliquam
2463 1218 2787 1264 occidentalem

201 1293 458 1347 translatos,
488 1295 611 1338 velut
638 1292 1016 1338 Ibn-Challikani
1048 1299 1092 1336 et
1121 1292 1259 1350 Hagii
1286 1291 1535 1349 Chalphae,
1565 1293 1635 1337 vel
1665 1292 1913 1338 studiorum
1943 1293 2140 1339 defectus
2167 1294 2238 1339 vel
2267 1295 2399 1352 pretii
2430 1294 2690 1352 magnitudo
2718 1296 2777 1339 ab

202 1369 332 1412 huius
371 1377 589 1412 terrarum
630 1367 782 1424 anguli
822 1366 1103 1411 bibliothecis
1133 1367 1396 1423 exclusit.‘)
1455 1366 1539 1411 Est
1568 1374 1713 1412 autem
1745 1367 1839 1413 eius
1867 1366 1931 1411 rei
1961 1367 2036 1412 illa
2065 1368 2248 1413 fortasse
2278 1383 2366 1411 non
2396 1366 2644 1425 spernenda
2669 1382 2776 1413 con-

201 1443 377 1497 solatio,
409 1442 529 1499 quod
560 1442 668 1485 mihi
698 1442 818 1486 visus
848 1458 945 1486 sum
976 1458 1064 1485 non
1094 1449 1260 1485 temere
1290 1442 1523 1499 suspicari,
1569 1458 1642 1487 eas
1671 1440 1833 1498 quibus
1863 1440 2093 1487 deficimur
2123 1442 2272 1501 copias
2300 1441 2356 1485 ad
2387 1442 2606 1487 Arabicos
2635 1443 2773 1501 potis-

201 1518 359 1561 simum
391 1517 589 1560 homines
618 1516 875 1572 litterasque
906 1516 1149 1573 pertinere,
1179 1516 1224 1559 in
1256 1516 1417 1573 quibus
1443 1516 1671 1561 elaborare
1701 1531 1789 1559 non
1823 1522 1889 1560 est
1918 1522 2141 1570 nostrum,
2172 1516 2441 1562 adPlatonis
2473 1517 2609 1561 vitam
2630 1517 2775 1561 minus

201 1593 445 1648 pertinere,
490 1592 536 1633 in
582 1591 729 1643 cuius,
774 1597 825 1632 ut
864 1590 1043 1632 omnino
1073 1597 1273 1634 veterum
1304 1591 1569 1647 scriptorum
1602 1590 1901 1643 Graecorum,
1938 1591 2149 1633 memoria
2178 1590 2407 1634 referenda
2436 1590 2591 1634 iisdem
2623 1590 2689 1633 illi
2719 1606 2774 1634 ex

200 1666 396 1710 fontibus
424 1667 515 1709 fere
546 1682 697 1708 omnes
725 1662 922 1720 inrigant
952 1663 1152 1709 hortulos
1181 1681 1283 1709 suos
1312 1664 1509 1720 adeoque
1538 1665 1653 1708 inter
1667 1655 1718 1709 'se
1739 1664 2002 1718 concinunt,
2028 1671 2079 1709 ut
2098 1680 2226 1722 saepe
2245 1664 2321 1709 vix
2341 1664 2487 1710 verbis
2509 1664 2774 1723 discrepent,

200 1750 272 1789 ut.
305 1741 513 1796 quoniam
544 1739 768 1796 principes
798 1738 1010 1794 quosdam
1043 1746 1245 1782 auctores
1274 1746 1496 1792 tenemus,
1527 1738 1582 1782 de
1612 1738 1708 1782 aliis
1738 1738 1824 1782 illis
1843 1738 1931 1782 iam
1953 1755 2040 1782 non
2061 1738 2297 1783 debeamus
2317 1738 2448 1784 nimis
2470 1754 2562 1783 esse
2583 1737 2772 1783 solliciti.

201 1815 407 1872 Denique
452 1831 600 1857 rerum
645 1814 749 1857 satis
794 1814 977 1857 fortasse
1019 1814 1223 1857 tritarum
1263 1813 1552 1871 quarumdam
1593 1813 1914 1871 ignorationem
1955 1830 2096 1857 meam
2134 1821 2179 1857 et
2206 1814 2251 1868 in
2282 1813 2534 1858 nominibus
2565 1813 2774 1858 Asiaticis

200 1891 362 1933 Latina
391 1890 639 1933 litteratura
669 1889 967 1945 exprimendis
997 1888 1353 1944 inaequalitatem
1384 1889 1503 1932 viros
1531 1889 1685 1932 doctos
1715 1889 1760 1931 in
1778 1887 1974 1933 Orientis
2003 1889 2161 1933 litteris
2192 1889 2461 1943 habitantes,
2493 1889 2529 1932 si
2561 1889 2637 1946 qui
2658 1889 2773 1932 forte

202 1966 307 2008 haec
338 1971 487 2015 nostra
517 1964 774 2022 inspicient,
821 1979 955 2021 rogo,
987 1970 1037 2006 ut
1065 1978 1207 2019 aequo
1238 1964 1384 2006 animo
1414 1965 1558 2007 ferant
1586 1964 1632 2006 in
1666 1964 1841 2007 homine
1871 1965 2130 2021 peregrim,
2149 1964 2339 2021 -suisque
2370 1981 2424 2007 ex
2455 1964 2594 2021 copiis
2622 1964 2772 2021 largiri

200 2040 359 2085 velint.
392 2054 504 2095 quae
536 2038 695 2082 nostris
726 2044 1066 2094 nostrorumque
1097 2038 1254 2081 studiis
1284 2038 1516 2081 videantur
1547 2054 1638 2081 esse
1668 2039 1915 2096 profutura.

412 2113 530 2167 Iam,
559 2120 610 2155 ut
639 2112 696 2154 ad
726 2113 864 2169 ipsam
897 2127 989 2153 rem
1021 2112 1251 2163 accedam,
1283 2113 1490 2170 quoniam
1521 2112 1576 2154 de
1607 2112 1827 2170 Gregorio
1859 2120 1903 2154 et
1924 2112 2320 2168 Gemaleddino*⁸)
2351 2113 2518 2154 dictum
2550 2130 2576 2155 a
2606 2129 2675 2154 me
2708 2122 2774 2156 est

198 2191 242 2229 in
275 2189 502 2244 superiore
519 2187 783 2229 Lectionum
801 2186 1293 2241 Abulpharagianarum
1324 2187 1532 2230 fasciculo
1563 2204 1604 2243 p.
1641 2190 1657 2228 l
1695 2203 1790 2242 sqq.
1822 2195 1865 2229 et
1896 2189 1973 2238 11,
2004 2202 2106 2241 age,
2135 2187 2307 2229 tertiam
2338 2187 2457 2229 illam
2487 2188 2622 2230 vitam
2655 2187 2773 2230 unde

198 2264 429 2320 petiverim
461 2270 504 2303 et
534 2262 633 2317 quis
663 2262 757 2302 eius
785 2268 942 2302 auctor
973 2277 1064 2302 esse
1095 2260 1320 2312 videatur,
1351 2262 1504 2317 paucis
1534 2278 1802 2317 expromam.

413 2459 443 2500 ⁸)
471 2449 835 2497 Ibn-Abi-Osffibia‚
862 2466 966 2500 opere
992 2457 1083 2499 quod
1110 2457 1152 2490 de
1178 2456 1365 2490 celebrium
1390 2458 1602 2497 medicorum
1627 2458 1707 2491 vitis
1724 2458 1878 2491 condidit
1895 2458 2169 2490 luculentissimo
2188 2458 2322 2498 clarus,
2349 2458 2435 2490 obiit
2451 2467 2544 2490 anno
2565 2459 2666 2491 1269,
2719 2458 2773 2490 De

196 2528 237 2552 eo
262 2518 324 2552 cfr.
350 2517 482 2552 Reiskii
509 2516 699 2550 miscellan.
725 2516 859 2559 aliquot
883 2515 1142 2550 observationn.
1171 2517 1292 2550 medic.
1319 2527 1364 2549 cx
1386 2518 1542 2550 Arabum
1567 2518 1786 2550 monimentis
1811 2518 1846 2549 in
1866 2517 1998 2550 Reiskii
2025 2524 2060 2548 et
2076 2517 2181 2549 Fabri
2206 2518 2382 2560 opusculis
2410 2519 2552 2548 medicis
2570 2528 2592 2549 a
2610 2517 2773 2549 Grnnero

194 2579 295 2610 editis
322 2578 448 2619 (Halae
479 2578 582 2616 1776)
610 2587 642 2618 p.
657 2577 703 2607 46
721 2586 796 2617 sqq.
847 2576 1032 2611 Schultens
1058 2583 1092 2608 et
1110 2577 1237 2608 Reiske
1262 2577 1308 2607 ad
1328 2577 1507 2608 Herbelot.
1531 2578 1613 2608 bibl.
1633 2578 1756 2607 orient.
1784 2577 1836 2607 IV
1862 2587 1897 2617 p.
1915 2577 1982 2607 697
2010 2577 2064 2607 ed.
2084 2577 2172 2616 Hag.
2191 2587 2222 2607 a.
2246 2579 2430 2609 1777-82
2457 2577 2474 2608 1
2501 2588 2534 2618 p.
2556 2579 2600 2608 78
2618 2579 2671 2608 ed.
2691 2578 2771 2608 Hal.

194 2648 225 2669 a.
255 2638 452 2671 1785—89.
503 2636 589 2670 Silv,
616 2636 658 2667 de
684 2635 774 2676 Sacy
803 2635 846 2666 ad
874 2635 1116 2677 Abdallatiphi
1143 2635 1289 2666 relation
1316 2636 1359 2666 de
1385 2624 1545 2678 l‘lssxgypte
1571 2636 1729 2678 (Parisiis
1758 2636 1862 2675 1810)
1890 2646 1922 2676 p.
1949 2635 2029 2666 478.
2080 2635 2203 2677 Flsigel
2230 2636 2265 2668 in
2290 2635 2426 2667 Erschii
2453 2641 2487 2667 et
2512 2634 2662 2667 Gruberi
2689 2635 2770 2676 allg.

196 2695 454 2738 Encyclopadie
487 2696 520 2728 d.
554 2694 765 2727 Wissensch.
802 2705 834 2727 u.
863 2694 996 2726 Kunste
1031 2694 1097 2734 111,
1124 2695 1144 2727 6
1172 2705 1203 2736 p.
1227 2694 1295 2726 236
1321 2704 1371 2735 sq.
1430 2693 1559 2727 Grasse
1591 2694 1730 2736 allgem.
1759 2693 2012 2735 Literargesch.
2039 2694 2085 2734 11,
2114 2696 2133 2726 2
2160 2706 2191 2737 p.
2211 2694 2279 2727 667
2306 2705 2356 2736 sq.
2415 2693 2637 2727 Wfistenfeld
2662 2694 2771 2727 Arab-

195 2757 323 2787 Aerzte
358 2753 566 2795 (Gottingae
597 2754 707 2794 1840)
740 2763 772 2795 p.
795 2753 861 2784 133
896 2763 969 2794 sqq.
1030 2753 1195 2785 Wenrich
1223 2753 1265 2784 de
1292 2753 1449 2795 scriptor.
1477 2751 1643 2791 Graeccr.
1669 2752 1886 2785 versionibus
1917 2758 1951 2785 et
1981 2753 2237 2785 commentariis
2262 2752 2340 2796 Syr.
2367 2752 2475 2785 Arab.
2504 2754 2648 2786 Arinen.
2673 2753 2771 2787 Pers.

194 2815 347 2856 (Lipsiae
377 2814 481 2854 1842)
508 2824 540 2855 p.
562 2812 653 2844 XIII
679 2823 753 2854 sqq.
804 2811 874 2844 Sed
901 2817 934 2843 et
961 2811 1015 2843 hic
1042 2817 1075 2843 et
1101 2810 1375 2843 Gemaleddinus
1407 2812 1557 2853 plurima
1588 2821 1652 2844 sua
1684 2811 1810 2843 debere
1844 2812 2004 2844 dicuntur
2035 2811 2274 2844 Muhammedi
2307 2812 2418 2844 Isaaci
2444 2812 2488 2853 f.,
2524 2813 2583 2854 qui
2609 2820 2773 2855 vergente

193 2873 332 2905 saeculo
365 2872 458 2904 Xmo
486 2872 529 2903 de
560 2870 658 2903 libris
685 2870 828 2903 Graecis
855 2870 1005 2903 Persicis
1032 2870 1162 2902 Indicis
1194 2871 1229 2902 in
1257 2868 1430 2904 Graecum
1463 2872 1640 2904 conversis
1671 2882 1758 2914 opus
1790 2872 1873 2904 satis
1901 2871 2054 2914 amplum
2088 2873 2299 2914 composuit3
2337 2872 2380 2903 de
2413 2882 2483 2914 quo
2517 2872 2579 2905 cfr.
2609 2873 2774 2906 Wenrich

194 2943 225 2975 p.
247 2932 334 2964 XIV
362 2941 439 2973 sqq.
466 2930 588 2973 Finge!
617 2931 659 2962 de
686 2930 849 2961 Arabicis
875 2930 1034 2971 scriptor.
1057 2928 1223 2964 Graecor.
1250 2930 1495 2972 interpretibus
1514 2930 1685 2971 (Misenae
1705 2932 1811 2973 1841)
1829 2942 1861 2974 p.
1881 2931 1902 2963 6
1920 2941 1971 2973 sq.
2021 2931 2382 2973 Hammer·Purgstall
2401 2931 2776 2973 Literaturgeschichte

192 2993 255 3023 der
278 2991 417 3023 Araber
443 2990 690 3031 (vindobonae
720 2989 922 3031 1850—56)
949 2989 966 3019 I
992 3000 1024 3030 p.
1044 2988 1230 3021 CLXXII.
1279 2988 1567 3022 Ibn-Challikan
1599 2990 1688 3022 vixit
1717 2990 1760 3022 ab
1792 3000 1822 3022 a.
1859 2992 1944 3022 1211
1980 2990 2024 3022 ad
2049 3000 2080 3022 a.
2110 2990 2200 3022 1282
2226 2996 2261 3022 et
2284 2990 2372 3023 vitas
2397 2990 2583 3024 illustrium
2607 2991 2774 3031 virorum,

192 3051 340 3092 scripsit,
366 3060 452 3091 quas
472 3049 574 3082 Ferd.
602 3047 864 3081 Wsistenfeldus
889 3047 971 3080 inde
996 3047 1039 3080 ab
1067 3058 1097 3080 a.
1129 3047 1217 3081 1835
1244 3046 1433 3090 Gottingae
1459 3047 1567 3080 edidit
1595 3048 1755 3090 Arabice,
1782 3055 1816 3082 et
1840 3049 1966 3092 partim
1994 3049 2072 3082 Mac
2091 3047 2230 3091 Gnckin
2256 3049 2299 3082 de
2324 3048 2430 3082 Slane
2458 3048 2604 3083 Parisiis
2628 3059 2660 3082 a.
2682 3048 2774 3083 1888

192 3109 251 3151 qui
276 3109 359 3141 item
385 3109 420 3140 in
449 3107 637 3149 Anglicum
662 3116 847 3139 conversas
874 3105 971 3138 dedit
1002 3106 1145 3138 Parisiis
1171 3116 1202 3139 a.
1234 3107 1343 3142 1842:
1381 3107 1423 3138 de
1458 3116 1499 3138 eo
1533 3107 1595 3139 cfr.
1626 3107 1783 3140 -Pococln
1817 3109 1957 3150 specim.
1991 3108 2112 3143 histor.
2139 3108 2248 3141 Arab.
2282 3107 2462 3150 (Oxoniae
2491 3109 2606 3149 1650)
2639 3119 2673 3150 p.
2691 3108 2772 3141 364.

193 3168 362 3201 Herbelot
388 3178 420 3201 v,
440 3166 638 3200 Khalekan.
693 3165 916 3199 Wsistenfeld
937 3164 1177 3199 Akademieen
1196 3165 1258 3197 der
1277 3164 1414 3198 Araber
1433 3164 1636 3209 (Gottingae
1658 3167 1761 3209 1837)
1786 3178 1820 3210 p.
1843 3169 1910 3200 100
1927 3178 1978 3210 sq.
2029 3167 2153 3210 Flfigel
2178 3167 2213 3200 in
2232 3167 2354 3201 Erech.
2373 3172 2407 3200 et
2423 3166 2574 3202 Gruber.
2593 3166 2771 3211 encyclop.

191 3227 245 3269 11,
282 3228 323 3261 15
351 3238 382 3270 p.
403 3228 447 3260 28
472 3237 543 3270 sq.,
575 3225 705 3260 Grasse
730 3226 869 3268 allgem.
898 3224 1150 3268 Litersirgeseh.
1178 3225 1225 3266 11,
1252 3225 1274 3257 3
1300 3235 1333 3268 p.
1355 3226 1445 3260 1265
1473 3236 1522 3268 sq.
1551 3235 1573 3258 a
1598 3226 1722 3268 quibus
1747 3227 1851 3259 etiam
1876 3226 1936 3259 alii
1967 3226 2163 3260 laudantur.
2213 3227 2267 3260 De
2292 3228 2407 3271 Hegio
2434 3225 2612 3269 Chalpha,
2644 3227 2773 3259 saeculi

191 3286 347 3319 xvnmi
375 3286 554 3329 scriptore,
581 3291 615 3317 et
639 3285 820 3327 Fliigelius
845 3286 1008 3327 exposuit
1033 3286 1068 3317 in
1093 3285 1256 3316 editionis
1282 3294 1364 3316 suae
1390 3285 1619 3327 praefatione,
1645 3292 1680 3317 et
1703 3292 1782 3317 ante
1808 3297 1887 3317 eum
1913 3285 2109 3325 Gallandus
2134 3286 2278 3327 praefat.
2329 3286 2507 3318 Hei-belot.
2535 3284 2618 3318 bibl.
2647 3287 2770 3318 orient.

190 3356 224 3386 p.
244 3345 355 3376 XXII
382 3346 472 3385 Bag.
501 3344 629 3375 XXIX
658 3345 749 3383 Hal„
776 3344 947 3376 Reiskens
972 3344 1365 3384 Lebensbeschreibung
1392 3344 1546 3385 (Lipsiae
1574 3345 1679 3384 1783)
1705 3355 1738 3386 p.
1760 3346 1823 3376 161
1852 3355 1916 3384 sq.‚
1944 3350 2022 3385 post
2045 3354 2124 3376 eum
2150 3344 2317 3376 Wenrich
2343 3355 2376 3385 p.
2404 3342 2494 3374 XVI
2518 3353 2594 3384 sqq.

407 3405 456 3444 ⁸⁸)
484 3404 538 3435 De
563 3403 818 3436 Gemaleddino
844 3403 934 3435 adde
960 3402 1334 3444 Hammer-Purgstall
1362 3401 1435 3436 LG.
1463 3403 1496 3437 d.
1524 3404 1586 3436 Ar.
1615 3402 1684 3436 V11
1710 3415 1742 3445 p.
1768 3403 1834 3437 125
1858 3413 1910 3445 tq.
1938 3402 2006 3436 ⁷23
2032 3412 2082 3445 sq.
