2998 3934
2695 174 2753 217 17

335 339 337 341 ,
389 299 468 351 v)'
490 302 602 344 Quem
641 304 698 339 hic
735 303 907 339 Philem-
941 305 1177 348 Amenanus,
1213 303 1391 340 Phdebm
1428 305 1582 352 Casii-ius
1619 305 1772 346 scripsit,
1810 303 2000 337 seeundum
2035 304 2207 338 elementa
2246 305 2397 338 Arabica
2433 307 2558 339 leviter
2594 314 2756 349 corrupta

187 364 412 415 miliani-q
433 372 510 413 ‘1⁸¹⁰
539 359 756 400 Theaetetus
778 363 867 403 vidit
889 353 1111 401 Wenriohiua
1136 364 1269 408 p.120.
1318 362 1389 398 Sed
1414 364 1574 408 proximo
1598 363 1677 398 loco
1703 373 1783 397 vere
1807 361 1948 397 Philebi
1968 362 2183 397 intercidisse
2207 364 2401 407 putaverim
2432 370 2578 407 nomen,
2612 366 2753 409 eiusque

190 424 376 473 „pagi-
410 421 519 457 lum
556 423 593 455 in
629 423 802 467 scriptura
832 412 988 459 nominis*
1012 427 1192 467 corrupte,
1229 423 1326 456 cuiun
1359 428 1398 456 nt
1428 424 1523 457 exitu
1555 423 1729 481 designari
1764 422 1899 454 videtur
1922 420 2108 463 ΡοΙίῆσω,
2150 422 2286 465 (formis
2313 417 2475 456 Arabicis
2500 424 2556 456 hic
2580 424 2753 458 abstinere

189 484 329 529 cogor)
352 483 404 516 ita
426 481 547 524 initio,
574 481 667 526 quod
691 486 745 514 est
763 479 861 525 pul
886 480 1057 523 Phaet-32.

412 553 459 593 1)
479 551 672 603 Seni-dere
702 552 801 584 uncia
826 552 945 584 debuit
969 553 1182 585 Aasemanns
1207 553 1274 584 iata
1295 551 1510 584 scribendum
1536 550 1690 585 Gratum
1714 558 1748 583 et
1771 549 1986 583 scribendum
2009 549 2188 592 Socrates,
2226 558 2265 584 ut
2289 552 2419 584 fecerat
2443 559 2564 587 metor
2586 553 2751 586 Casirius.

186 614 246 649 Aa
264 611 313 645 de
335 609 480 654 cratyl-
503 609 592 644 nihil
616 615 672 644 est
691 609 788 652 quod
811 610 1005 650 dubitatum
1029 610 1118 643 alter
1139 615 1194 643 est
1216 607 1408 654 Septunce,
1434 610 1527 653 qnod
1551 619 1720 651 compare
1745 614 1879 651 poterat
1903 610 2135 649 Amenanus,
2162 627 2203 634 -
2228 610 2361 643 habent
2385 611 2478 643 enim
2503 612 2576 643 eins
2599 612 2753 645 Arabica

187 671 283 712 Phe,
319 680 390 705 ιιοιι
415 668 539 713 zuph.
572 687 616 697 -·
654 679 746 703 nunc
773 668 1012 703 adnotandum
1042 669 1184 712 reliquit
1206 668 1408 702 Wenrichio
1432 679 1466 712 p.
1493 666 1571 702 120.
1620 662 1724 700 Iden*
1750 672 1889 700 auctore
1915 667 2159 701 Muli-amede
2186 667 2297 701 [saaci
2323 668 2347 701 f.
2374 669 2476 701 docet
2499 669 2536 702 in
2566 670 2750 704 Arabicum

184 737 395 765 consenum
418 712 526 762 linitae
551 727 644 761 hunc
669 728 846 771 dialogum
871 728 916 761 ab
940 728 1063 763 Isaaeo
1086 728 1241 765 Honaiui
1264 728 1289 761 f.

413 799 452 840 Ι)
476 797 671 841 Ontigavit
691 798 721 830 is
745 798 1067 841 interpretationem
1092 797 1264 838 Honaini,
1290 802 1329 828 ut
1345 797 1526 829 Honainua
1544 797 1663 828 Iahiae
1680 797 1745 828 Ibn
1771 797 1802 828 el
1818 796 1959 835 Batriln
1983 797 2105 829 Wenr.
2125 807 2157 840 p.
2180 798 2258 829 118.
2308 797 2363 829 De
2387 797 2452 829 hoc
2468 803 2583 829 autem
2601 799 2750 830 Honaini

186 858 260 891 fere
284 857 421 905 aequali
446 857 520 890 vid.
539 856 760 890 Wiistenfeld
785 859 830 892 A.
849 857 946 899 Asp.
967 858 1010 890 18
1028 867 1079 899 sq.
1129 856 1254 898 Flfigel
1279 857 1421 898 interpr.
1440 867 1474 898 p.
1494 859 1538 888 10
1556 866 1607 898 sq.
1656 856 1824 888 Wenrieh
1851 867 1884 898 p.
1905 857 1984 888 102.
1998 875 2055 884 ·—
2081 856 2243 889 Ceterum
2267 857 2330 891 cfr.
2347 868 2381 888 ιι.
2400 857 2459 890 dd.

401 928 457 969 n)
482 927 634 960 Arabice
660 914 789 992 &³1⁴⁰
816 939 880 971 pro
903 914 1032 991 ΘΑΛ
1057 928 1080 961 i.
1108 939 1138 961 e.
1163 928 1303 962 Μένων.
1341 927 1440 958 Vidit
1456 926 1677 959 Wenrichius
1695 938 1727 969 p.
1750 927 1827 960 121.
1867 927 1990 959 Midon
2008 926 2074 958 fuit
2090 926 2162 960 τῶν
2182 927 2479 972 ὁμολογουμένως
2495 929 2750 971 νοθευομένων,

186 1008 274 1041 quos
299 1001 478 1032 enumerat
501 997 663 1031 Laertius
687 996 761 1040 111,
787 998 844 1032 62.

399 1067 450 1110 bb)
476 1066 669 1111 Hipparchi
693 1067 860 1101 memoria
883 1078 955 1101 ιιοιι
979 1072 1034 1100 cst
1057 1067 1094 1101 in
1120 1067 1280 1101 Arabicis
1306 1068 1499 1101 Assemani.
1550 1066 1620 1101 Sed
1646 1078 1708 1100 nec
1734 1078 1755 1100 a
1779 1067 1965 1110 Thrasyllo
1990 1074 2165 1111 receptum
2185 1067 2307 1101 Theon
2337 1069 2471 1102 videtur
2496 1071 2661 1111 omisisse,
2688 1082 2749 1103 nee

185 1139 208 1162 a
232 1126 476 1161 Muhammede
501 1131 536 1160 et
560 1125 815 1160 Gemaleddino
840 1112 1145 1160 commemoratum
1172 1127 1365 1160 Honainus.

408 1196 462 1238 ⁰0)
489 1194 640 1228 Arabice
681 1200 733 1228 est
766 1185 1052 1257 ΨΜ,
1103 1196 1157 1229 1)6
1192 1196 1415 1240 Clitophonte
1450 1197 1634 1248 assentitur
1665 1196 1843 1229 Wenrich.
1871 1207 1904 1239 p.
1930 1196 2016 1236 121,
2052 1203 2235 1240 possetque
2260 1197 2344 1230 ferri
2370 1197 2563 1230 litterarum
2595 1200 2748 1237 mutatio

185 1244 310 1310 nempe
335 1251 582 1327 υγαῌμιῖ,
611 1276 682 1299 ιιοιι
707 1266 808 1299 nimis
834 1266 1006 1308 violenta,
1031 1266 1098 1300 nisi
1123 1267 1227 1300 etiam
1249 1266 1362 1300 lenior
1386 1272 1475 1300 esset
1498 1267 1584 1301 haec
1609 1276 1686 1299 mea
1712 1255 1983 1328 υμῖιώί
2010 1266 2032 1299 i.
2051 1277 2079 1299 6.
2094 1264 2390 1307 Ἀτλαντικός,
2417 1268 2509 1310 quod
2535 1274 2587 1301 est
2603 1268 2747 1301 alterum

184 1337 314 1371 Critiae
339 1336 468 1379 dialogi
494 1346 640 1376 ιιοιιι6ιι;
665 1336 781 1369 Laert.
798 1336 874 1377 ΠΙ,
901 1336 957 1369 50.
978 1336 1034 1371 60.
1082 1336 1213 1370 Athen.
1232 1337 1321 1369 XIV
1346 1348 1379 1380 p.
1398 1338 1468 1371 640
1492 1347 1521 1370 e.
1570 1336 1709 1383 Procul.
1736 1337 1771 1369 in
1790 1337 1879 1369 Plat.
1898 1337 1989 1370 Tim.
2007 1337 2025 1369 I
2049 1348 2082 1380 p.
2102 1338 2146 1370 56
2165 1348 2194 1369 e.
2214 1338 2257 1369 61
2278 1338 2311 1370 d.
2329 1338 2352 1370 f.
2393 1337 2467 1370 Ioh.
2488 1338 2584 1371 Stob.
2604 1339 2749 1381 florileg.

183 1397 248 1438 43,
273 1397 330 1430 64.
358 1397 419 1437 80,
448 1397 502 1428 11.
552 1395 646 1430 Plut.
672 1394 744 1428 Sol.
771 1396 828 1428 32.
853 1405 924 1428 non
948 1405 1049 1437 posse
1074 1406 1169 1428 suaV.
1188 1397 1258 1428 vivi
1283 1407 1351 1431 sec.
1377 1397 1476 1439 Epic.
1498 1399 1541 1429 10
1566 1396 1626 1428 all.

396 1464 449 1507 dd)
474 1465 612 1497 Timaei
648 1465 727 1497 libri
761 1465 815 1497 vel
849 1475 1025 1498 sermones
1056 1470 1125 1498 tres
1149 1485 1194 1491 —
1220 1476 1301 1498 nam
1326 1466 1476 1499 Arabice
1508 1472 1559 1499 eat
1585 1466 1694 1506 „liber
1721 1465 1883 1497 Timaeus
1909 1472 1978 1498 tres
2002 1468 2212 1506 sermones“,
2241 1484 2281 1490 —
2312 1477 2383 1499 nou
2414 1474 2561 1509 possunt
2585 1478 2659 1499 esse
2684 1469 2747 1500 nisi

112 1525 115 1527 ’
182 1523 348 1557 Timaeus
383 1528 419 1556 et
443 1523 569 1557 Critias
603 1523 732 1565 dialogi
765 1533 843 1556 cum
867 1524 1001 1556 Timaei
1035 1525 1093 1566 qui
1126 1525 1252 1557 dicitur
1275 1525 1379 1557 Locri
1409 1525 1499 1557 libro
1530 1525 1612 1570 περὶ
1645 1525 1762 1570 ψυχᾶς
1794 1526 1917 1570 κόσμω
1949 1524 2008 1557 καὶ
2043 1524 2179 1567 φύσιος.
2231 1526 2280 1556 At
2305 1525 2467 1557 Timaeus
2494 1525 2655 1567 dialogus
2682 1527 2747 1557 iam

181 1587 469 1616 commemoratus
504 1588 556 1615 est
585 1583 622 1616 in
653 1582 906 1624 superioribus,
941 1582 1067 1615 Critias
1102 1584 1184 1615 item
1215 1585 1391 1626 proxime,
1431 1585 1550 1616 tertius
1575 1584 1664 1616 liber
1688 1594 1731 1616 ne
1757 1590 1809 1616 est
1834 1584 1973 1625 quidem
1998 1583 2173 1623 Platonis,
2213 1593 2421 1625 quamquam
2447 1584 2528 1616 ferri
2560 1585 2647 1616 solet
2672 1595 2746 1616 cum

180 1640 381 1673 Platonicis.
431 1641 527 1681 Ergo
553 1641 719 1672 alterutro
743 1641 820 1671 loco
844 1650 1060 1681 supervacua
1085 1647 1137 1672 est
1161 1643 1291 1672 mentio
1317 1647 1351 1672 et
1375 1643 1530 1681 insitiva,
1556 1647 1591 1672 et
1608 1643 1766 1682 quidem,
1792 1647 1830 1672 ut
1846 1652 1912 1682 ego
1930 1642 2073 1682 opinor,
2099 1642 2207 1682 priori
2215 1652 2231 1680 ;
2251 1642 2315 1672 hac
2333 1643 2548 1682 potissimum
2566 1643 2608 1672 de
2627 1652 2745 1672 caussa

180 1698 290 1740 quod,
316 1708 394 1731 cum
418 1698 454 1731 in
481 1694 724 1731 constituendo
748 1698 814 1731 hoc
840 1698 1007 1731 librorum
1036 1699 1158 1732 ordine
1176 1698 1355 1732 Theonico
1381 1700 1461 1733 inde
1487 1699 1662 1742 aTheage
1688 1699 1776 1732 ratio
1795 1699 1980 1741 quaedam,
2007 1704 2044 1731 nt
2061 1698 2212 1731 breviter
2230 1699 2359 1739 dicam,
2386 1699 2581 1732 methodica
2598 1699 2747 1732 valuisse

180 1756 357 1799 videatur,
391 1767 461 1800 qua
490 1757 696 1790 discentium
729 1757 965 1790 consuleretur
997 1758 1136 1800 studiis,
1170 1758 1351 1791 Timaeum
1385 1760 1537 1792 omnium
1562 1759 1805 1797 difficillimum
1831 1764 1864 1790 et
1889 1769 1910 1791 a
1933 1757 2182 1791 recentioribus
2207 1757 2396 1790 Platonicis
2422 1759 2564 1790 maximi
2591 1758 2744 1791 habitum

179 1822 450 1849 consentaneum
485 1821 560 1848 erat
597 1817 632 1849 iu
672 1817 741 1849 fine
778 1817 892 1858 potius
930 1828 1033 1858 quam
1070 1818 1222 1850 medium
1259 1819 1350 1851 inter
1386 1819 1472 1851 alios
1503 1820 1677 1852 collocari.
1728 1821 1872 1852 Accedit
1904 1820 1996 1860 quod
2030 1819 2096 1850 ista
2131 1819 2173 1850 de
2199 1817 2508 1850 Iahia-Ben-Adi
2537 1820 2745 1860 castigator(-

180 1875 203 1908 i.
229 1884 258 1908 e.
285 1874 506 1909 emendatore
539 1875 717 1908 adnotatio
752 1875 899 1918 pertinet
930 1875 973 1908 ad
1009 1885 1103 1917 eam,
1143 1886 1231 1918 quae
1254 1876 1348 1920 apud
1372 1876 1651 1912 Muhammedem
1676 1878 1784 1911 Isaaci
1810 1878 1833 1911 f.
1860 1884 1894 1911 et
1917 1878 1953 1911 in
1979 1876 2185 1919 quibusdam
2210 1875 2454 1910 Gemaleddiui
2479 1876 2674 1917 codicibus,
2701 1896 2742 1902 —-

179 1943 251 1968 non
281 1932 374 1967 enim
406 1939 499 1967 certe
533 1934 568 1966 in
596 1932 720 1967 Casirii
754 1934 931 1977 exemplo,
967 1954 1009 1960 —
1045 1935 1228 1978 posteriori
1258 1935 1336 1969 loco
1361 1936 1535 1980 adscripta
1558 1937 1732 1970 invenitur
1758 1937 1949 1980 (Wenrich.
1969 1948 2001 1980 p.
2025 1937 2123 1978 118),
2166 1947 2201 1968 es
2205 1946 2240 1968 se
2265 1935 2356 1969 hunc
2383 1935 2568 1969 Timaeum
2593 1936 2636 1968 ab
2663 1935 2743 1969 Ibn-

180 1993 343 2025 Albatrik
370 1998 473 2035 atque
489 1994 653 2025 Honaino
671 1994 782 2025 Isaaci
799 1994 822 2027 f.
843 2004 1064 2035 conversum,
1089 1996 1164 2027 sine
1188 2005 1256 2037 qua
1272 2007 1350 2028 cum
1367 2008 1410 2029 ne
1428 2003 1516 2029 stare
1535 1998 1673 2040 quidem
1691 1998 1800 2030 altera
1817 1999 1878 2029 illa
1895 1999 1977 2029 satis
1995 1999 2120 2040 possit,
2147 1997 2326 2039 probabile
2347 1997 2498 2031 videtur
2526 1998 2617 2038 quod
2636 2003 2709 2028 erat
2725 2007 2745 2028 a

178 2052 281 2084 docto
318 2052 469 2094 quodam
509 2037 639 2084 lectore
675 2053 711 2084 in
742 2054 899 2094 margine
929 2054 1095 2096 scriptum
1126 2055 1162 2086 in
1193 2055 1305 2097 ipsum
1340 2061 1488 2094 textum
1527 2067 1629 2099 quem
1662 2057 1798 2097 dicunt,
1837 2057 2041 2098 inrepsisse,
2080 2057 2160 2088 inde
2190 2056 2234 2088 ad
2268 2056 2355 2088 alios
2391 2066 2527 2098 quoque
2563 2057 2744 2097 scriptores-

178 2120 347 2144 manasse.
383 2129 426 2135 —-
460 2111 506 2143 Et
538 2111 593 2143 hic
627 2111 766 2152 quidem
797 2112 902 2143 finem
935 2121 1009 2144 esse
1041 2117 1125 2155 puto
1159 2114 1284 2146 indicis
1309 2115 1477 2147 Theonici
1511 2116 1589 2147 unis
1623 2116 1775 2158 exceptis
1800 2115 1983 2158 Epistolis‚
2023 2125 2107 2157 quas
2139 2115 2197 2157 qui
2232 2121 2347 2147 cetera
2372 2115 2498 2147 adiecit
2522 2115 2564 2147 ab
2591 2120 2744 2147 extrema

177 2169 436 2200 enumeratione
467 2179 646 2200 removere
681 2169 803 2200 noluit.
854 2169 943 2201 Sunt
974 2175 1089 2202 autem
1124 2173 1314 2204 enumerati
1346 2172 1493 2214 dialogi:
1542 2173 1689 2212 Politia,
1730 2174 1858 2214 Leges,
1892 2173 2069 2214 Theages,
2100 2173 2251 2213 Laches,
2291 2174 2494 2212 Amatores,
2529 2173 2743 2211 Charmides,

177 2226 377 2260 Alcibiades
402 2226 421 2259 1
444 2233 479 2260 et
501 2227 554 2267 H,
592 2227 850 2269 Euthydemus,
891 2228 1042 2271 Hippiae
1066 2230 1178 2262 maior
1204 2236 1239 2263 et
1262 2230 1391 2272 minor,
1424 2231 1589 2273 Gorgias,
1623 2232 1848 2274 [Protagoras
1860 2232 1886 2274 ‚J
1914 2232 2139 2273 Euffiyphro,
2175 2231 2401 2271 convivium,
2434 2231 2599 2269 Phaedo,
2635 2230 2741 2268 Crito,

177 2285 403 2326 Theaetetus,
442 2285 623 2328 [Philebus
633 2286 658 2327 ,]
703 2286 891 2326 Politicus,
940 2286 1120 2329 Cratylus,
1159 2287 1359 2330 Sophistes,
1399 2290 1576 2330 (Timaeus
1587 2292 1611 2331 ‚)
1650 2292 1890 2330 Parmenides,
1928 2291 2126 2330 Phaedrus,
2165 2291 2287 2329 Meno,
2327 2291 2462 2329 Minos,
2504 2289 2741 2330 Hipparchus.

176 2343 410 2385 Menexenus,
450 2343 593 2385 Critias,
633 2343 806 2379 Timaeus.
858 2344 994 2378 Desunt
1031 2356 1074 2379 ex
1119 2345 1372 2390 Thrasyllianis
1396 2348 1591 2390 Apologia,
1630 2349 1748 2393 Lysis,
1787 2349 1843 2390 Io,
1883 2349 2064 2391 Clitopho,
2102 2349 2302 2391 Epinomis;
2339 2359 2357 2381 6
2392 2348 2516 2390 quibus
2549 2348 2650 2390 Lysis
2683 2358 2743 2389 pe»-

175 2403 367 2435 litterarum
398 2402 585 2444 quamdam
621 2403 851 2445 ductuumque
883 2404 1146 2437 similitudinem
1171 2405 1308 2438 videtur
1332 2407 1545 2439 intercidisse
1571 2413 1651 2450 post
1675 2408 1878 2448 Lachetem,
1915 2408 1996 2439 item
2021 2407 2061 2439 Io
2085 2407 2230 2439 fortasse
2255 2413 2334 2449 post
2359 2406 2568 2439 Convivium
2594 2413 2627 2438 et
2651 2407 2741 2448 apud

175 2461 391 2494 Atlanticum
406 2459 602 2506 Clitoph0‚
628 2461 693 2492 nisi
720 2462 749 2493 is
775 2469 834 2494 aut
858 2473 922 2505 pro
947 2463 1126 2495 Atlantico
1150 2465 1332 2506 ponendus
1357 2472 1408 2498 est
1432 2471 1491 2498 aut
1515 2477 1593 2498 cum
1610 2466 1738 2498 Politia
1762 2467 1963 2498 coniunctus
1988 2466 2053 2497 fuit
2079 2466 2154 2506 (cfr.
2175 2466 2354 2508 Hippolyt.
2374 2466 2476 2500 refut,
2493 2465 2631 2497 haeres.
2650 2465 2677 2508 1,
2701 2467 2741 2496 19

174 2531 209 2561 p.
231 2521 337 2561 542),
373 2526 410 2553 ut
440 2530 517 2552 cum
545 2520 694 2561 Legibus
719 2521 914 2562 Epinomis.
963 2522 1160 2563 Apologiae
1192 2534 1264 2556 non
1289 2524 1400 2556 habeo
1426 2535 1525 2565 quem
1551 2525 1665 2557 locum
1690 2525 1850 2559 tribuam.
1901 2525 2027 2556 Facilis
2051 2530 2166 2557 autem
2189 2531 2264 2556 erat
2288 2526 2427 2557 omissio
2456 2530 2597 2566 propter
2623 2535 2739 2556 vocem

172 2576 310 2621 chelab,
337 2590 383 2622 qu
392 2589 432 2612 ae
458 2577 589 2612 librum
614 2578 974 2623 significat,singu1is
998 2580 1218 2624 dialogorum
1244 2583 1441 2617 nominibus
1466 2584 1708 2626 praepositam.

387 2649 438 2691 ΘΕ)
464 2648 546 2683 Non
564 2648 724 2691 expedio.
764 2650 822 2683 An
840 2660 905 2692 pro
923 2637 1173 2694 0„le
1193 2652 1390 2696 (analoqiae
1408 2651 1578 2693 Stamina,
1604 2652 1646 2686 de
1661 2650 1938 2696 proportionibus
1952 2653 2072 2688 Wenr.
2091 2664 2124 2695 p.
2148 2654 2228 2695 121)
2248 2653 2468 2686 scribendum
2488 2639 2739 2702 le.

173 2713 212 2740 ut
234 2707 473 2750 significentur
498 2708 652 2741 carmina
676 2708 861 2748 amatoria,
888 2709 1005 2751 qualia
1028 2709 1186 2743 Platonis
1210 2710 1368 2743 feruntur
1393 2711 1484 2753 apud
1508 2710 1686 2743 Laertium
1713 2711 1785 2751 111,
1812 2712 1857 2744 29
1883 2721 1958 2753 sqq.
2010 2712 2198 2754 Apuleium
2224 2712 2361 2754 apolog
2392 2713 2445 2744 10.
2497 2701 2627 2745 Athen.
2649 2711 2737 2743 Xssl

174 2775 208 2808 p.
227 2766 296 2799 589
323 2776 352 2798 c.
404 2765 496 2799 Gell.
514 2766 630 2807 XIX,
659 2768 698 2798 11
727 2766 913 2809 pluresque
938 2768 973 2799 in
998 2768 1216 2810 Anthologia
1241 2767 1387 2801 Graeca.

395 2835 446 2881 ff)
471 2838 640 2869 Additicii
667 2842 758 2869 certe
784 2843 818 2869 et
842 2837 898 2869 hic
923 2838 1012 2870 liber
1037 2844 1071 2871 et
1095 2839 1154 2881 qui
1178 2840 1352 2880 sequitur,
1379 2840 1451 2872 sive
1469 2840 1598 2872 alterae
1615 2845 1695 2871 sunt
1712 2839 1927 2881 dialogorum
1947 2839 2093 2870 duorum
2111 2839 2373 2881 inscriptiones,
2400 2839 2495 2870 velut
2506 2837 2690 2879 Sophistae
2707 2845 2736 2868 ei

173 2895 412 2936 Parmenidis,
436 2896 509 2928 sive
534 2896 665 2928 Plotini
692 2896 803 2928 libelli
828 2901 956 2930 temere
980 2898 1047 2930 huc
1072 2897 1182 2930 inlati.

343 2989 346 2993 .
386 2966 445 3006 ss)
470 2966 580 2998 Deest
604 2967 640 2998 in
666 2965 827 2997 Arabicis
854 2967 1037 2998 Assemani
1063 2966 1105 2998 de
1129 2945 1327 2998 substan-tia.

386 3033 449 3075 ¹¹¹¹)
473 3036 671 3068 Additicius
697 3035 755 3068 hic
780 3046 916 3078 quoque
940 3037 1076 3078 titulus,
1103 3047 1167 3069 nec
1191 3037 1282 3069 male
1309 3036 1473 3069 Philebus
1498 3038 1644 3070 indicari
1669 3037 1811 3070 videtur
1837 3037 2040 3070 Wenrichio
2066 3048 2098 3079 p.
2129 3039 2205 3070 121.

392 3103 442 3146 ¹¹)
461 3105 612 3138 Arabice
641 3095 929 3161 &mh-“⁶⁴⁰²
961 3107 1054 3148 apud
1079 3107 1321 3139 Wenrichium
1346 3108 1451 3139 etiam
1474 3084 1561 3139 Mifn
1586 3109 1723 3140 omissa.
1773 3108 1815 3140 Id
1840 3108 1923 3149 quid
1949 3109 1993 3139 sit
2017 3109 2216 3149 ignoratur}
2251 3107 2530 3145 Mnesistratum,
2569 3115 2671 3146 quem
2694 3115 2735 3137 ex

170 3180 335 3217 corrupta
358 3174 506 3222 lectione
530 3174 661 3208 Laertii
686 3176 762 3216 111,
789 3177 834 3209 46
859 3185 881 3208 a
905 3175 1040 3208 Casirio
1065 3176 1266 3208 arcessitum
1290 3186 1362 3209 ιιοιι
1387 3177 1490 3209 modo
1516 3178 1729 3210 Assemanus
1753 3178 1911 3218 admisit,
1938 3178 2017 3218 sed,
2044 3178 2124 3210 licet
2149 3177 2362 3217 dubitanter,
2389 3177 2491 3208 etiam
2518 3175 2738 3207 Wenrichins

171 3243 205 3275 p.
228 3233 314 3275 121,
341 3243 436 3274 eum,
462 3232 621 3276 inquam,
647 3244 719 3268 aon
743 3244 840 3276 esse,
865 3235 948 3267 satis
973 3234 1075 3267 docui
1101 3235 1138 3267 in
1162 3233 1422 3268 Schneidewini
1446 3235 1632 3279 Philologo
1655 3236 1712 3269 111
1735 3247 1769 3279 p.
1795 3237 1841 3270 58
1866 3247 1918 3279 sq.

382 3302 444 3346 kk)
470 3304 590 3338 Wenr.
609 3314 643 3346 p.
664 3305 725 3337 121
756 3304 799 3337 de
824 3305 976 3337 iuvenum
1002 3304 1230 3345 institutione,
1266 3305 1350 3337 item
1374 3304 1536 3338 Steinius.
1587 3306 1782 3339 Additicius
1808 3307 1864 3339 hic
1890 3316 2027 3348 quoque
2053 3306 2160 3347 liber,
2200 3307 2272 3338 sive
2299 3312 2413 3348 partes
2438 3305 2607 3347 quaedam
2631 3304 2733 3345 signi-

169 3361 318 3395 ficantur
341 3361 493 3396 Politiae
520 3368 554 3395 et
577 3363 711 3404 Legum
726 3388 736 3404 ,
761 3364 854 3404 sive,
881 3364 974 3405 quod
1002 3363 1160 3405 equidem
1185 3364 1324 3404 malim,
1351 3363 1504 3404 libellus,
1531 3365 1591 3406 qui
1614 3364 1793 3398 Plutarchi
1818 3375 1893 3397 esse
1918 3365 2081 3405 traditur,
2113 3365 2194 3409 περὶ
2218 3364 2360 3397 παίδων
2386 3361 2540 3408 ἀγωγῆς.

2502 3432 2521 3463 5
