2998 3934
250 211 310 258 12

246 340 446 384 Platonis
485 341 726 384 adventum
758 342 1028 396 rescivisset,
1070 358 1170 385 eum
1201 342 1257 385 ad
1286 359 1334 386 se
1363 343 1558 396 vocarit,
1599 343 1676 399 qui
1715 359 1815 387 cnm
1851 345 2122 400 accessisset,
2158 346 2279 402 apud
2314 346 2459 404 ipsum
2488 347 2716 393 Socratem
2726 353 2820 407 m)

245 414 372 458 vidit.
433 414 537 470 Qua
566 416 795 459 occasione
825 415 1085 473 Tyrannus,
1114 415 1291 460 Insulae
1321 416 1500 460 Doctos.
1519 415 1838 475 sapientesque
1874 417 2075 476 collegit,
2105 418 2444 476 Platonemque,
2484 428 2539 466 ut.
2563 421 2820 480 loqueretur

247 488 445 548 impulit;
485 489 563 533 ubi
593 507 694 534 cum
724 490 798 534 ille
829 490 884 534 de
917 489 1207 549 Philosophia
1235 490 1484 546 dissereret,
1513 491 1643 549 plura
1672 492 1802 537 etiam
1832 500 1989 537 contra
2014 493 2295 550 tyrannidem
2325 493 2429 539 data
2455 510 2591 553 opera
2619 495 2817 555 protulit.

251 564 374 609 Inter
413 565 501 609 alia
538 567 624 622 ait,
666 566 750 611 hoc
779 582 917 611 unum
948 573 1170 626 praestare
1183 600 1194 621 ,
1234 574 1284 610 ut
1321 567 1625 625 unusquisque
1653 568 1815 612 sanctis
1842 567 2015 627 legibus
2042 584 2089 613 se
2117 568 2368 614 submittat:
2412 585 2526 629 quae
2553 570 2690 615 verba
2717 586 2817 615 cum

246 640 493 698 Dionysius
524 641 569 685 in
600 657 645 685 se
676 642 925 698 retorqueri
955 640 1264 696 intellexisset,
1293 642 1487 700 graviter
1514 641 1631 685 tulit.
1690 641 1833 686 Porro
1854 641 2089 700 Tyrannus
2117 659 2216 688 cum
2247 645 2400 700 Poesi,
2429 652 2523 689 tum
2544 644 2818 704 Sophisticae

249 714 553 773 philosophiae
583 716 867 780 incubuerat,
898 732 1034 773 quare
1049 714 1300 774 Sophistam
1322 716 1491 774 potius,
1522 731 1654 773 quam
1668 715 1989 775 Philosophum
2010 717 2202 774 diceres,
2237 727 2283 764 et
2293 719 2357 763 fle
2376 719 2460 764 hoc
2480 718 2818 778 philosophandi

244 805 406 847 genere
442 790 608 848 scripta
647 789 848 847 reliquit,
895 787 1137 846 habuitque
1178 790 1386 845 asseclas,
1432 797 1514 834 etc.
1528 791 1621 847 qqq)
1639 823 1790 834 ......
1850 791 2091 837 Enimvero
2110 792 2331 851 'Tyranno
2362 793 2418 837 de
2447 793 2677 837 Felicitate
2716 810 2816 839 cum

244 863 430 907 Platone
467 860 721 917 disserenti,
768 871 812 907 et
853 864 1136 907 contendenti
1168 864 1403 907 Heraclam
1434 865 1616 908 Poetam
1655 870 1758 907 vere
1802 866 1975 908 felicem
2004 868 2138 911 fuisse
2167 868 2262 924 (hic
2291 876 2437 911 autem
2468 868 2607 911 Poeta
2634 868 2819 913 celebris

244 938 350 990 fuit,
395 954 447 981 ac
488 937 616 994 plura
659 938 703 980 in
736 937 941 993 Dionysii
984 937 1156 981 laudem
1200 939 1381 993 cecinit,
1425 939 1551 983 cuius
1587 939 1782 982 carmina
1819 939 1939 985 idem
1970 939 2214 998 Dionysius
2251 941 2297 984 in
2329 940 2539 986 Delubris
2584 941 2818 1000 appendit)

244 1011 373 1054 Plato
405 1012 655 1068 respondit,
688 1019 738 1054 ut
767 1028 793 1054 a
821 1010 938 1054 Jove
969 1027 1110 1068 genus
1140 1012 1306 1056 ducens
1338 1011 1567 1067 Heraclas,
1612 1012 1737 1065 felix,
1777 1021 1822 1057 at
1851 1020 1902 1057 ut
1931 1012 2090 1066 Poeta,
2132 1014 2380 1072 improbus,
2418 1031 2470 1060 ac
2499 1016 2819 1061 infelicissimus

244 1086 560 1143 (1100111100.Π1“)
620 1086 706 1130 His
735 1086 882 1128 verbis
913 1085 1104 1128 offensus
1135 1085 1370 1143 Tyrannus
1399 1087 1627 1130 Platonem
1658 1086 1817 1130 Polido
1828 1089 1902 1142 888)
1934 1086 2310 1142 Lacedaemonio,
2352 1090 2429 1147 qui
2460 1104 2539 1148 per
2568 1090 2614 1133 id
2646 1101 2819 1149 tempus

243 1160 415 1218 legatus
444 1161 499 1204 ad
533 1178 579 1205 se
609 1168 810 1213 venerat,
841 1159 1045 1214 tradidit,
1076 1169 1126 1204 ut
1157 1177 1255 1203 eum
1288 1160 1528 1213 occiderct;
1559 1169 1605 1204 at
1618 1160 1802 1205 Polidus
1819 1161 2057 1219 Agathiam
2068 1164 2132 1220 ηῑ)
2162 1162 2368 1217 adduxit,
2399 1180 2588 1221 eumque
2619 1164 2819 1208 vendidit

247 1235 303 1278 30
332 1237 466 1278 menis
498 1235 673 1279 cuidam
706 1235 904 1279 Ambaro
916 1237 1010 1292 uun)
1042 1234 1304 1291 Cyrenaico.
1366 1235 1478 1279 Cum
1512 1235 1596 1279 hoc
1626 1234 1788 1290 Dioni,
1819 1237 1896 1293 qui
1927 1237 2148 1295 Dionysio
2178 1239 2391 1296 sanguine
2421 1242 2682 1297 conjunctus
2712 1246 2818 1293 erat,

243 1317 287 1353 et
306 1309 538 1353 Platonem
568 1309 756 1352 libenter
786 1307 1157 1366 amplectebatur,
1189 1310 1481 1367 pervenisset,
1512 1309 1708 1353 Platonis
1739 1325 1887 1354 casum
1918 1315 2048 1368 aegre
2080 1311 2247 1365 ferens,
2277 1312 2331 1354 ad
2356 1311 2649 1369 Cyrenaicum
2680 1315 2819 1356 minas

242 1383 427 1440 triginta
466 1383 584 1428 illius
624 1382 869 1427 redimendi
899 1386 1029 1427 causa
1060 1382 1310 1427 clanculum
1343 1383 1480 1436 misit,
1527 1391 1573 1427 at
1601 1383 1674 1427 ille
1705 1400 1915 1439 renuens,
1961 1384 2047 1428 Hic
2076 1385 2364 1442 Philosophus
2394 1386 2583 1444 (inquit)
2614 1386 2819 1442 suijuris

244 1466 322 1511 eat,
370 1473 494 1514 quem
539 1474 614 1514 eqo
659 1466 706 1501 ut
749 1453 966 1502 servitute'
990 1459 1214 1519 eximerem
1246 1462 1436 1516 pretium
1477 1460 1717 1513 numeravi,
1763 1466 1807 1501 et
1845 1461 2095 1517 quantocius
2123 1462 2169 1503 in
2202 1461 2398 1516 patriam
2427 1475 2548 1503 auam
2577 1467 2818 1503 revertetur.

243 1531 358 1575 Cum
391 1547 437 1574 re
470 1532 632 1576 infecta
662 1532 798 1575 Dioni
830 1532 1017 1575 nuncius
1049 1532 1156 1575 haec
1187 1534 1431 1586 retulisset,
1460 1538 1567 1574 tunc
1588 1531 1707 1574 Dion
1725 1532 2009 1575 Academiam
2043 1533 2099 1574 30
2129 1533 2267 1576 minas
2299 1534 2444 1588 misit,
2475 1535 2638 1591 quibus
2668 1533 2819 1575 hortos

242 1604 354 1649 duos
395 1607 522 1654 emit,
569 1616 612 1650 et
642 1607 817 1650 Platoni
860 1606 977 1649 dono
1009 1606 1155 1653 dedit,
1203 1622 1256 1649 ex
1288 1622 1475 1663 quorum
1507 1613 1725 1663 proventu
1759 1605 1886 1649 Plato
1917 1621 2055 1663 usque
2084 1606 2139 1650 ad
2171 1606 2339 1650 obitum
2369 1623 2416 1651 se
2446 1608 2717 1652 sustentavit.
2730 1607 2816 1664 vvv)

242 1679 399 1737 Itaque
441 1698 542 1724 cum
575 1681 783 1739 Tyranno
823 1682 1009 1725 relatum
1052 1689 1167 1724 esset
1204 1696 1316 1737 quae
1347 1680 1522 1733 Platoni
1562 1681 1861 1737 contigerant,
1906 1682 2176 1738 poenitentia
2213 1681 2373 1726 ductus
2403 1682 2577 1740 scripsit
2611 1682 2704 1741 [63]
2735 1682 2813 1735 illi,

240 1772 394 1810 orans,
426 1773 478 1799 ne
510 1757 554 1799 111
586 1774 630 1800 se
662 1756 894 1800 maledicta
923 1757 1219 1812 intorqueret3
1248 1755 1304 1798 ad
1336 1770 1465 1811 quem
1495 1756 1741 1813 rescripsit:
1802 1755 1907 1798 Non
1937 1762 2110 1799 tantum
2141 1756 2223 1800 sibi
2244 1772 2270 1799 a
2291 1756 2569 1815 philosophia
2590 1772 2816 1815 superesse

240 1831 342 1879 otii,
388 1839 437 1874 ut
469 1831 675 1888 Dionysii
721 1831 1001 1875 meminisset.
1014 1830 1141 1885 WWW)
1201 1828 1406 1874 Secundo
1447 1830 1669 1886 profectus
1709 1837 1773 1873 est
1814 1830 1868 1872 ad
1901 1829 2192 1887 Dionysium,
2240 1838 2290 1874 ut
2328 1831 2489 1874 librum
2522 1831 2576 1875 de
2606 1831 2816 1888 Legibus,

240 1921 372 1961 quem
419 1906 482 1947 illi
515 1905 750 1962 Tyrannus
789 1907 1068 1962 promiserat,
1114 1921 1195 1948 nec
1236 1904 1449 1961 promissa
1479 1904 1769 1961 persolverat,
1816 1904 2055 1949 obtineret:
2099 1914 2144 1949 at
2174 1921 2273 1948 cum
2304 1906 2348 1949 in
2380 1905 2531 1949 Insula
2559 1905 2813 1949 seditionem

239 1979 450 2023 adversus
491 1979 748 2036 Tyrannum
797 1980 1059 2022 concitatam
1102 1979 1365 2031 invenisset,
1411 1992 1456 2019 re
1500 1976 1661 2019 infecta
1705 1994 1905 2021 reversus
1950 1987 2027 2022 est.
2039 1980 2137 2035 xxx)
2212 1978 2363 2022 Tertio
2406 1979 2581 2022 demum
2622 1979 2816 2032 accessit,

240 2055 431 2097 Dionem
465 2055 683 2111 Dionysio
725 2055 1110 2107 reconciliaturus,
1152 2071 1177 2096 a
1208 2070 1296 2110 quo
1337 2061 1544 2114 tanquam
1582 2053 1810 2097 seditionis
1846 2060 1999 2096 auctor
2037 2055 2180 2097 fuerat
2210 2055 2428 2112 expulsus.
2490 2053 2684 2097 Patriam
2716 2053 2817 2097 inde

240 2131 497 2183 revertitur,
544 2138 586 2173 et
628 2146 728 2173 cum
768 2140 1019 2186 rogaretur,
1056 2137 1106 2172 ut
1137 2129 1300 2187 patrias
1336 2128 1455 2184 leges
1485 2135 1698 2182 mutaret,
1742 2144 1965 2185 novasque
2003 2128 2214 2183 sanciret,
2254 2129 2417 2185 noluit,
2447 2146 2663 2183 asserens,
2697 2127 2817 2185 quod

239 2205 358 2263 apud
401 2212 662 2248 vetustatem
706 2204 920 2256 obtinuit,
967 2204 1152 2247 evellere
1193 2204 1496 2259 arduum.yyy)
1557 2203 1680 2247 Duas
1721 2203 1875 2246 habuit
1915 2203 2140 2258 mulieres,
2186 2203 2399 2251 Alsatiam
2430 2221 2482 2247 ex
2513 2203 2729 2258 Arcadia,
2774 2211 2817 2247 et

242 2381 367 2422 Hylen,
394 2386 427 2409 et
452 2380 627 2409 Formam.
680 2380 780 2409 Ideas
809 2380 911 2408 etiam
937 2379 1125 2418 specificas,
1152 2386 1253 2409 extra
1279 2390 1334 2409 res
1361 2380 1558 2416 existentes,
1583 2376 1745 2418 omnique
1771 2375 1916 2409 materia
1941 2377 2087 2409 nudatas
2112 2377 2304 2408 adstruxit:
2331 2377 2413 2417 quin
2440 2382 2473 2408 et
2496 2377 2689 2409 animarum
2705 2383 2815 2410 trans-

240 2438 501 2479 migrationem,
529 2447 614 2478 quas
642 2437 745 2468 etiam
771 2443 850 2468 ante
877 2447 1024 2477 corpora
1049 2437 1206 2469 extitisse
1232 2436 1431 2469 affirmavit.
1485 2436 1512 2468 E
1539 2436 1716 2478 discipulis
1743 2436 1812 2468 suis
1839 2435 1898 2477 qui
1924 2434 2094 2467 coelibem
2114 2434 2220 2467 vitam
2237 2444 2341 2476 agere
2360 2444 2429 2467 non
2448 2434 2676 2475 sustinerent,
2701 2434 2816 2477 plures
2842 2435 2845 2440 '

239 2497 340 2530 unius
379 2496 498 2529 uxoris
536 2496 721 2538 participes
755 2505 830 2528 esse
856 2495 1027 2537 permisit;
1065 2491 1143 2527 011111
1178 2495 1227 2528 ita
1258 2500 1292 2527 et
1324 2495 1473 2538 sumptui
1499 2500 1715 2538 parceretur,
1752 2499 1786 2525 et
1810 2498 1929 2525 mutuo
1954 2493 2090 2524 auxilio
2115 2491 2252 2524 abunde
2278 2493 2541 2536 prospiceretur.
2591 2493 2818 2525 Enumeravit

239 2555 366 2588 Theon
392 2554 706 2595 Alexandrinuso)
733 2554 877 2595 triginta
901 2559 969 2586 tres
995 2554 1103 2585 libros
1128 2554 1171 2585 ab
1199 2555 1274 2596 ipso
1300 2559 1531 2596 conscriptos,
1559 2564 1577 2585 e
1604 2553 1747 2595 quibus,
1773 2553 1831 2594 (101
1857 2562 1950 2584 110110
1976 2557 2106 2590 extant,
2133 2557 2213 2583 sunt
2237 2552 2417 2591 Phaedon,
2444 2552 2618 2591 Timaeus,
2644 2551 2749 2595 Liber
2773 2550 2816 2581 de

239 2613 391 2655 legibus,
429 2612 588 2647 Politica.
639 2612 736 2644 Obiit
768 2622 878 2644 annos
913 2619 1012 2643 natus
1046 2614 1223 2653 octoginta
1256 2613 1415 2651 duosh),
1454 2613 1583 2643 relictis
1608 2612 1718 2642 hortis
1742 2612 1850 2650 binis,
1882 2611 1991 2641 servis
2016 2609 2124 2649 binis,
2161 2602 2285 2650 poculo
2319 2621 2406 2649 11110,
2440 2607 2510 2641 una
2533 2620 2610 2640 cnm
2635 2608 2814 2648 inaure‚1)

238 2682 341 2715 quam
379 2672 473 2704 auris
504 2672 714 2703 extremitati
749 2681 937 2713 appensam
973 2672 1006 2703 in
1041 2671 1232 2703 nobilitatis
1264 2681 1347 2702 suae
1380 2672 1516 2712 signum
1547 2676 1681 2713 gestare
1706 2670 1857 2707 solebat;
1896 2666 1973 2700 ciim
1999 2669 2150 2710 reliquas
2177 2669 2358 2701 facultates
2387 2678 2466 2700 suas
2491 2668 2650 2709 neptibus
2678 2667 2747 2699 suis
2772 2677 2816 2699 ex

238 2736 344 2766 fratre
370 2733 531 2764 dotandis
558 2731 845 2774 impe11disset‚K)
896 2731 1090 2774 Sepulchro
1117 2732 1224 2773 ipsius
1251 2732 1455 2773 inscriptum
1482 2732 1564 2762 fuit:
1593 2730 1657 2762 Hic
1684 2730 1768 2761 situs
1794 2735 1845 2761 est
1870 2729 1923 2760 vir
1941 2728 2102 2768 Divinus,
2129 2728 2187 2769 qui
2214 2739 2333 2760 omnes
2358 2732 2528 2769 quotquot
2551 2731 2632 2759 sunt
2647 2725 2814 2767 homines,

237 2790 397 2832 scientia,
423 2793 600 2831 castitate,
626 2792 821 2832 intellectu,
855 2798 889 2823 et
915 2802 1049 2822 morum
1076 2791 1248 2832 probitate
1272 2791 1489 2822 antecelluit:
1527 2796 1561 2822 et
1587 2791 1782 2831 quicunque
1808 2787 2023 2830 Sapientiam
2049 2786 2260 2827 laudaverit,
2300 2798 2379 2819 eum
2405 2783 2526 2819 eadem
2551 2782 2658 2828 opera
2682 2785 2815 2825 laudat,

239 2858 356 2894 utpote
393 2852 429 2883 in
462 2861 530 2892 quo
562 2850 715 2882 maxima
745 2851 901 2893 ejusdem
935 2861 1015 2893 pars
1051 2848 1180 2891 fuit.L)
1232 2850 1287 2881 Ex
1321 2850 1434 2881 altera
1464 2849 1585 2881 tumuli
1620 2853 1716 2891 parte
1749 2848 1834 2880 haec
1867 2846 2088 2889 legebantur:
2140 2846 2233 2878 Heus
2258 2851 2367 2886 terra,
2406 2845 2486 2878 licet
2511 2854 2635 2887 corpus
2660 2843 2816 2877 Platonis

238 2918 353 2953 tegas,
391 2911 434 2941 ad
473 2911 626 2941 animam
660 2916 776 2941 tamen
803 2910 910 2951 ipsius
944 2910 1177 2941 immortalem
1202 2906 1345 2950 propius
1370 2909 1535 2940 accedere
1571 2919 1639 2940 non
1673 2907 1845 2950 potessti)
1894 2907 2043 2940 Scholae
2076 2906 2149 2937 eius
2181 2913 2258 2947 post
2288 2906 2400 2947 ipsum
2433 2905 2582 2946 praefuit
2605 2903 2816 2947 Speusippus

238 2971 350 3012 patrui
376 2971 484 3011 ipsius
509 2968 689 3008 filius.“k)

410 3087 456 3126 11
470 3087 508 3128 b.
570 3087 659 3133 (Ex
690 3086 879 3139 Gregorii
908 3086 1211 3138 Abnlpharagii
1241 3085 1329 3126 sive
1359 3085 1611 3126 Bathebraei
1641 3083 1828 3127 chronico
1858 3083 2043 3134 Syriaco.
2076 3082 2301 3133 interprete
2329 3079 2372 3119 Ρ.
2402 3079 2436 3120 Ι.
2465 3080 2646 3127 Bromio,

641 3167 812 3208 adscitis
840 3166 1189 3207 emendationibus
1221 3164 1266 3205 G.
1299 3165 1344 3205 G.
1375 3164 1559 3205 Kirschii
1572 3195 1581 3212 ‚
1612 3165 1658 3205 F.
1692 3163 1736 3204 G.
1766 3163 1947 3215 layeri,
1979 3161 2024 3203 G.
2054 3161 2107 3202 11.
2138 3160 2417 3207 Bemteinii.)

453 3259 492 3290 P.
512 3259 556 3290 33
585 3259 736 3298 „Darius
762 3257 900 3289 Nothus
925 3268 1036 3288 annos
1067 3258 1109 3288 19
1124 3281 1253 3291 ......
1293 3257 1395 3287 Plato
1422 3257 1580 3287 haeresin
1605 3257 1708 3286 trium
1735 3255 1984 3296 principiorum
2009 3263 2080 3284 non
2105 3257 2299 3284 creatorum
2325 3251 2519 3292 evulgavit,
2548 3251 2672 3291 Deum,
2698 3251 2815 3296 hylen,

237 3323 271 3349 et
302 3318 468 3355 t'ormam;
508 3318 626 3349 docuit
658 3317 763 3348 etiarn
797 3317 1038 3358 migrationem
1071 3317 1265 3348 animarum
1291 3325 1312 3346 a
1337 3315 1539 3356 corporibus
1564 3316 1599 3361 in
1626 3324 1790 3355 corpora,
1828 3322 1900 3344 non
1925 3310 2076 3343 exclusis
2100 3310 2239 3343 insectis
2265 3316 2299 3342 et
2325 3309 2516 3353 reptilibus.
2568 3308 2689 3341 Voluit
2712 3309 2816 3342 etiam

237 3387 365 3409 uxores
392 3376 541 3418 plurium
568 3377 770 3408 maritorum
795 3386 996 3407 communes
1022 3386 1108 3407 esse.
1155 3374 1344 3407 Doctrinae
1369 3373 1443 3406 eius
1468 3373 1628 3406 adhaesit
1654 3369 1885 3415 Epicurus.k)
1934 3360 2140 3404 Aristoteles
2165 3380 2275 3403 annos
2302 3375 2404 3404 natus
2425 3370 2467 3403 17
2486 3369 2640 3412 percepit
2663 3368 2815 3412 philoso-

238 3434 354 3478 phiam
391 3445 412 3467 a
440 3434 618 3468 Platone.“
635 3461 741 3470 .....
793 3433 832 3470 Ρ.
853 3434 898 3468 34
923 3445 973 3476 sq.
1017 3434 1161 3473 „Perses
1197 3433 1289 3466 filius
1314 3431 1402 3466 Ochi
1437 3443 1547 3466 annos
1573 3434 1604 3465 4.
1656 3433 1731 3465 Hoc
1762 3439 1917 3474 tempore
1945 3430 2136 3463 floruerunt
2159 3429 2320 3463 Socrates
2346 3430 2449 3462 Plato
2473 3429 2680 3461 Aristoteles
2704 3428 2815 3471 philo-
