2998 3934
203 219 233 267 8

200 348 451 408 Abulphar.
481 364 525 406 p.
556 348 627 392 81.
662 349 758 392 105.
819 346 1073 394 Scbabrast.
1103 348 1128 393 1
1159 365 1201 407 p.
1233 351 1289 395 42
1318 352 1450 408 sq.),-
1474 350 1633 396 horum
1678 350 1726 395 in
1768 350 2046 410 principibus
2091 350 2283 398 habendi
2314 352 2534 400 -vidontnr
2573 352 2639 398 illi
2677 353 2781 409 duo,

201 440 391 482 quorum
421 423 589 468 mentio
618 422 735 466 facta
762 430 830 467 est
856 423 902 466 in
931 423 1079 468 verbis
1107 425 1330 470 extremis.
1390 425 1542 484 Atque
1571 425 1678 471 Abu
1707 425 1770 470 A]
1791 424 1930 471 Hen'l
1961 424 2204 471 Mohamed
2231 423 2317 471 beu
2347 426 2410 471 Al
2425 425 2555 473 Hail
2587 425 2780 474 dubita&

200 499 276 543 vix
315 505 462 557 potest
501 498 610 555 quin
650 498 709 541 sit
749 497 825 542 ille
854 505 998 542 sectae
1027 498 1353 544 Motazaliticae
1382 507 1536 544 auctor
1565 500 1689 545 Abul
1719 498 1910 546 Hudsail
1939 498 2149 545 Hamdan
2179 500 2264 545 Ibn
2291 499 2415 544 Abu]
2442 500 2635 549 Hudsail
2661 502 2781 562 apud

201 571 455 619 Scbahrast.
485 571 511 615 Ι
541 585 584 631 p.
614 573 685 641 26.
716 572 773 616 48
805 586 902 629 sqq.
934 573 1032 615 212.
1063 575 1169 628 214;
1214 574 1293 632 qui
1332 588 1514 633 prorsus
1550 573 1705 619 eodem
1743 590 1833 633 quo
1863 575 1985 635 apud
2015 574 2273 620 Hominum
2313 574 2491 619 nomine
2512 592 2514 594 ’
2534 577 2805 637 sapen-mr.

201 647 258 692 ab
278 645 687 692 *Ibn-Challikano
733 652 777 690 et
820 653 1039 690 sectarum
1082 648 1298 706 scriptore
1338 646 1502 692 Tahiro
1544 647 1842 707 Ispbarainita
1880 649 2003 694 Abul
2049 648 2240 694 Hudsail
2278 649 2575 694 -Mubammed
2614 651 2700 695 Ibn
2737 650 2779 694 al

202 722 417 776 Hudsail,
458 727 570 765 teste
600 719 947 764 Haarbri'ickero
977 719 1027 763 Π
1056 736 1099 780 p.
1130 721 1229 765 397.
1290 721 1500 766 Mortuus
1543 721 1618 766 ille
1664 729 1730 767 est
1773 738 1811 766 a.
1850 723 1935 767 849
1966 722 2176 781 (Haarbr.
2206 722 2256 767 Π
2285 737 2329 782 p.
2362 724 2470 781 386)
2514 723 2584 767 vel
2627 725 2780 782 paucis

202 796 329 840 annis
367 803 469 840 ante
500 794 1003 852 (Hammer-Purgstall
1033 795 1135 841 LG.
1166 794 1209 839 d.
1241 796 1322 841 Ar.
1353 795 1423 839 IV
1452 810 1496 854 p.
1527 797 1658 853 205),
1703 797 1874 854 fuitque
1905 796 2102 840 Honaini
2145 798 2237 841 fere
2276 798 2484 856 aequalis.
2545 798 2674 841 Alter
2703 800 2779 843 vix

203 870 499 916 dubitaverim
546 870 653 928 quin
699 870 756 915 sit
797 869 903 914 Abu
946 870 1022 914 Ali
1062 869 1351 915 Muhammad
1393 870 1478 916 Ibn
1509 870 1615 916 Abd
1644 872 1716 916 al·
1732 870 1940 918 Wahhab
1982 870 2327 918 al-Dschubbai
2370 887 2441 933 ap.
2471 871 2724 919 Schahrast.
2755 873 2779 917 Ι

202 964 245 1006 p.
277 948 333 991 28
364 963 431 1004 sq.
462 948 532 991 45.
564 947 621 990 so
650 953 771 1003 sqq.;
818 953 937 991 certe
969 945 1145 992 Giabali
1177 926 1385 1020 (μ’)
1425 954 1469 992 et
1499 934 1761 993 Dsohubbai
1791 938 2000 1012 (sud-⁸)
2040 947 2117 993 vix
2146 948 2270 993 tenui
2299 947 2460 994 lineola
2490 947 2701 993 differunt
2728 963 2780 994 ae

201 1022 408 1067 facillime
438 1028 747 1079 permutantur
777 1020 879 1078 (cfr.
910 1020 1060 1065 Reisk.
1092 1021 1148 1065 ad
1179 1021 1406 1066 Herbelot.
1436 1021 1477 1066 v.
1511 1021 1735 1079 Giabali),
1766 1014 1850 1067 nec
1876 1022 2015 1067 altera
2045 1022 2253 1078 mutatio,
2285 1023 2508 1067 Abdallah
2539 1024 2586 1067 in
2609 1023 2779 1068 Abdal-

201 1097 390 1141 wabbab
425 1103 637 1153 sequente
675 1096 845 1154 syllaba
881 1097 946 1150 al,
992 1105 1093 1140 ante
1134 1113 1265 1154 quam
1308 1097 1363 1141 ab
1402 1104 1445 1141 et
1475 1097 1561 1141 abu
1589 1104 1633 1142 et
1662 1097 1737 1141 abi
1763 1112 1892 1156 saepe
1929 1096 2223 1152 intercidunt,
2267 1097 2446 1155 gravior
2476 1105 2560 1154 est,
2606 1099 2643 1143 si
2672 1098 2779 1156 quid

199 1172 354 1225 video,
398 1187 531 1228 quam
576 1186 688 1227 quae
729 1171 774 1213 in
820 1170 903 1213 ista
943 1171 1192 1214 litteratura
1225 1173 1337 1216 *ferri
1378 1180 1522 1229 queat.
1583 1172 1792 1216 Mortuus
1830 1172 1995 1216 dicitur
2024 1188 2062 1215 a.
2096 1174 2180 1215 915
2212 1171 2425 1229 (Haarbr.
2456 1171 2505 1215 H
2534 1187 2577 1231 p.
2609 1175 2688 1217 401
2725 1189 2779 1218 ex

200 1244 642 1299 [bn-Challikano),
673 1243 916 1298 secundum
946 1245 1055 1288 alios
1084 1261 1122 1289 a.
1154 1248 1239 1290 933
1270 1255 1485 1303 natusque
1515 1262 1553 1289 a.
1585 1248 1666 1289 861
1700 1245 2203 1303 (Hammer-Purgstall
2233 1245 2303 1288 IV
2333 1259 2376 1302 p.
2407 1247 2539 1302 207),
2570 1255 2621 1290 ut
2650 1262 2777 1305 pera-

200 1318 529 1364 dulescentulus
557 1324 729 1362 tantum
760 1317 911 1362 videre
942 1320 1138 1377 potuerit
1165 1320 1422 1364 Honainum
1444 1336 1612 1365 senem.
1673 1319 1762 1365 Sed
1803 1335 1903 1363 cum
1934 1320 2112 1378 plenum
2144 1334 2303 1363 nomen
2334 1318 2453 1376 apud
2487 1319 2776 1364 Hammerum

201 1395 258 1438 sit
287 1394 391 1437 Ebu
421 1392 634 1436 Haschim
668 1392 956 1436 Abdesselam
990 1393 1085 1436 Ben
1116 1393 1204 1437 Ebi
1235 1395 1312 1437 Ali
1334 1394 1616 1438 Mohammed
1647 1393 2020 1452 el-Dschobbaiji
2051 1395 2146 1437 Ben
2162 1393 2501 1437 Abdolwehhab
2518 1394 2613 1437 Ben
2629 1394 2775 1440 Selam

200 1467 297 1511 Ben
328 1466 489 1511 Chalid
520 1466 615 1510 Ben
649 1465 848 1510 Homran
880 1466 975 1510 Ben
1006 1467 1138 1511 Aban
1169 1467 1410 1511 secundum
1440 1466 1883 1521 Ibn-Challikanum,
1913 1467 1951 1511 is
1981 1467 2035 1511 de
2065 1483 2155 1525 quo
2184 1467 2408 1525 loquimur
2439 1466 2570 1511 huius
2600 1467 2778 1511 videtur

201 1550 325 1599 pater
347 1549 390 1583 et
411 1542 571 1598 prioris
594 1542 713 1584 illius
735 1548 868 1597 atque
890 1541 1087 1584 Honaini
1109 1543 1317 1599 aequalis.
1381 1541 1638 1598 Cognomen
1656 1541 1837 1587 Albatni
1860 1540 1916 1584 ad
1937 1541 2233 1584 Batinitarum
2253 1547 2415 1585 sectam
2438 1542 2644 1599 pertinet,
2666 1556 2777 1597 quae

200 1623 351 1673 postea
392 1614 572 1672 quidem
614 1615 659 1657 in
690 1615 945 1659 Assassinos
976 1616 1075 1659 illos
1104 1615 1159 1659 ab
1189 1615 1518 1672 expeditionum
1550 1631 1772 1660 sacrarum
1802 1614 2092 1673 scriptoribus
2123 1622 2487 1660 commemoratos
2520 1614 2777 1672 Drusosque

200 1690 439 1735 hodiernos
469 1689 777 1748 degeneravit,
821 1690 898 1734 sed
930 1699 1027 1734 orta
1066 1691 1119 1734 iis
1150 1690 1476 1734 Abbasidarum
1514 1689 1817 1748 chalipharum
1854 1689 2150 1748 temporibus,
2190 1691 2236 1733 in
2278 1705 2391 1747 quae
2423 1688 2619 1732 Honaini
2660 1697 2778 1732 aetas

200 1765 358 1809 incidit
388 1764 662 1821 (Schahrast.
694 1764 718 1806 I
748 1778 791 1822 p.
812 1767 908 1808 193.
941 1767 1025 1809 219
1056 1767 1167 1822 sq.),
1198 1766 1324 1809 initio
1355 1765 1600 1808 doctrinam
1630 1765 1896 1822 sequebatur
1927 1765 2248 1808 Motazalarum
2278 1765 2333 1807 de
2363 1764 2587 1807 attributis
2616 1764 2778 1806 divinis

199 1840 466 1898 persimilem
512 1838 729 1895 (Schahr.
770 1839 794 1881 I
824 1855 868 1897 p.
911 1841 1049 1896 222);
1097 1847 1145 1884 ut
1187 1841 1243 1894 is,
1289 1856 1314 1883 a
1354 1855 1441 1897 quo
1481 1840 1550 1883 vel
1591 1827 1686 1897 ipso
1726 1839 1796 1882 vel
1836 1840 1930 1884 eius
1968 1840 2060 1883 filio
2099 1847 2242 1884 sectae
2281 1855 2441 1883 nomen
2483 1846 2670 1882 tractum
2714 1847 2778 1882 est

201 1913 539 1966 Gobbaitarum,
570 1912 663 1970 ipse
685 1913 949 1971 antiquioris
979 1922 1122 1958 sectae
1145 1930 1304 1958 nomen
1325 1914 1506 1971 gessisse
1526 1904 1740 1958 videatur.
1802 1913 2009 1971 Denique
2031 1913 2363 1959 Cordubensem
2385 1914 2597 1957 Basoram
2618 1914 2776 1972 petisse

200 2005 287 2032 non
328 1988 466 2046 magis
506 1987 667 2031 mirum
709 2003 841 2044 quam
880 1989 988 2032 alios
1028 2005 1082 2032 ex
1115 1988 1330 2046 Hispania
1359 1988 1571 2046 plurimos
1591 1989 1646 2045 ¹),
1693 2003 1773 2032 nec
1805 1989 1943 2045 magis
1973 1989 2220 2033 consedisse
2252 2005 2351 2032 eum
2383 1989 2429 2031 in
2461 1989 2622 2031 vicinia
2654 1988 2777 2031 urbis

199 2065 293 2107 eius
323 2070 367 2106 et
396 2079 422 2105 a
453 2061 613 2106 Gobba
642 2063 741 2105 vico
762 2078 1007 2120 cognomen
1028 2064 1260 2107 invenisse.
1320 2062 1408 2107 Sed
1428 2062 1605 2106 scheich
1635 2063 1708 2106 ille
1729 2063 2159 2120 Hierosolymitanus
2180 2063 2301 2107 Abul
2333 2064 2417 2120 (sic
2448 2063 2564 2106 enim
2585 2061 2776 2105 scribere

199 2138 387 2181 debebat
417 2139 686 2181 Assemanus
724 2154 777 2180 ex
808 2137 1025 2194 Arabico)
1057 2137 1198 2182 Fateh
1230 2137 1374 2182 Naser
1403 2137 1487 2181 ben
1518 2134 1736 2192 Ibrahim,
1777 2138 1813 2181 si
1851 2137 1968 2182 idem
2006 2138 2064 2182 sit
2102 2153 2232 2194 quem
2263 2136 2599 2183 Wfistenfeldus
2630 2135 2776 2180 Akad.

199 2214 241 2256 d.
277 2212 416 2255 Arab.
448 2227 491 2269 p.
523 2212 578 2254 33
589 2214 627 2267 ²)
669 2213 712 2256 in
756 2212 1005 2256 academiae
1036 2229 1148 2269 quae
1181 2212 1387 2257 Damasci
1417 2211 1568 2256 floruit
1598 2212 1855 2257 Gazzalicae
1885 2211 2141 2256 doctoribus
2170 2213 2318 2270 posuit
2346 2210 2552 2256 Abul-F
2554 2211 2628 2255 ath
2661 2209 2777 2255 Nasr

199 2289 294 2330 Ben
325 2286 521 2329 Ibrahim
553 2286 648 2328 Ben
682 2286 857 2329 Dawud
891 2288 930 2330 el
962 2287 1222 2330 Mocaddesi
1252 2287 1280 2329 i.
1317 2304 1352 2331 e.
1386 2286 1837 2343 Hierosolymitanus3
1884 2286 2092 2342 quoniam
2121 2286 2298 2346 is'obiit
2327 2287 2399 2331 die
2434 2288 2485 2329 17
2518 2284 2777 2329 Decembris

200 2378 238 2404 a.
274 2363 406 2413 1096,
436 2360 680 2403 verendum
712 2368 777 2404 est
810 2378 864 2404 ne
895 2376 1074 2419 operam
1106 2361 1343 2419 perdamus
1374 2361 1420 2404 in
1451 2359 1717 2404 vindicando
1735 2360 1943 2403 Honaino
1963 2367 2170 2418 totusque
2191 2377 2322 2418 quem
2343 2368 2581 2405 tractamus
2603 2359 2776 2403 libellus

200 2436 358 2479 evadat
402 2436 528 2479 nobis
576 2437 959 2492 ψευδεπίγραφος.
1022 2436 1141 2479 Nam
1186 2450 1268 2492 pro
1315 2436 1491 2479 insitiva
1532 2443 1581 2478 ut
1611 2435 1724 2478 hanc
1760 2451 1938 2492 quoque
1981 2436 2234 2479 memoriam
2277 2436 2514 2480 habeamus
2543 2435 2619 2477 vix
2651 2433 2777 2477 nobis

200 2510 536 2569 persuademus,
582 2526 714 2567 aegre
745 2511 861 2553 enim
895 2511 1160 2553 excernitur.
1220 2509 1311 2554 Sed
1341 2510 1596 2567 theologum
1628 2496 1825 2566 iurisque
1855 2511 2139 2567 interpretem
2170 2510 2592 2554 Muhammedanum
2624 2508 2776 2552 ortho-

199 2585 386 2638 doxum,
433 2585 510 2641 qui
541 2584 694 2628 decem
724 2593 826 2628 ante
857 2592 1043 2628 mortem
1074 2585 1200 2628 annis
1230 2585 1385 2627 urbem
1416 2592 1609 2628 sanctam
1640 2585 1910 2641 reliquisset,
1952 2584 2089 2627 libros
2118 2585 2278 2641 quibus
2308 2584 2516 2628 haeretici
2546 2588 2776 2626 uterentur

198 2661 365 2717 legasse
396 2660 572 2717 pietatis
602 2676 755 2704 caussa
784 2660 971 2717 templo,
1003 2659 1184 2717 opinor,
1216 2659 1477 2704 Saracenico
1509 2659 1938 2717 Hierosolymitano,
1968 2666 2101 2716 atque
2129 2660 2254 2707 annis
2285 2675 2374 2702 non
2404 2659 2555 2716 paucis
2585 2664 2697 2715 post,
2718 2681 2777 2689 —

199 2734 323 2777 brevi
364 2734 480 2776 enim
518 2732 771 2777 inciderunt
800 2733 1073 2777 Francorum
1115 2733 1362 2777 invasiones
1392 2734 1469 2790 qui
1500 2733 1888 2791 duodenonaginta
1917 2749 2054 2777 annos
2084 2733 2239 2777 urbem
2270 2740 2526 2786 tenuerunt,
2575 2757 2627 2763 —
2677 2746 2775 2774 cum

199 2816 418 2851 sectarum
450 2808 595 2850 studia
626 2808 797 2865 pridem
819 2808 1153 2861 deferbuissent,
1185 2808 1462 2865 perlegendis
1492 2808 1579 2851 illis
1609 2824 1875 2864 quemquam
1897 2815 1941 2850 et
1960 2807 2017 2850 ad
2039 2807 2265 2863 religionis
2285 2806 2556 2849 orthodoxae
2579 2819 2775 2847 normam

200 2882 501 2926 examinandis
531 2898 728 2937 vacasse,
758 2883 984 2940 aliquanto
1016 2883 1161 2926 minus
1192 2890 1258 2926 est
1287 2881 1497 2925 credibile
1527 2882 1710 2939 verique
1738 2882 1901 2937 simile,
1933 2898 2066 2939 quam
2097 2881 2256 2924 factam
2287 2896 2380 2924 rem
2411 2895 2502 2923 esse
2534 2876 2776 2923 calentibus

200 2959 427 3001 etiamtum
468 2964 686 3000 sectarum
719 2958 965 3015 originibus
1006 2973 1058 3001 ac
1088 2972 1230 3015 nuper
1259 2957 1395 3000 inlata
1425 2964 1599 3000 exterae
1629 2957 1935 3015 philosophiae
1966 2956 2135 3010 notitia,
2166 2956 2194 2998 i.
2217 2971 2255 2998 e.
2287 2955 2430 3013 primo
2461 2955 2552 2998 fere
2585 2952 2776 2996 Abbasi-

200 3033 356 3076 darum
387 3032 585 3087 saeculo,
617 3038 661 3074 et
690 3031 911 3075 hominem
930 3031 1246 3076 Nestorianum
1278 3031 1464 3075 alterum
1495 3031 1736 3090 possedisse
1764 3047 1816 3076 ac
1846 3032 2016 3089 legasse
2046 3030 2132 3074 illis
2151 3028 2425 3088 temporibus
2444 3028 2575 3072 talem
2598 3026 2776 3079 librum,

420 3257 442 3296 ¹)
470 3255 543 3287 Cfr.
556 3267 589 3297 p.
604 3257 674 3288 411.
693 3257 707 3286 1
730 3261 765 3286 et
785 3255 1028 3296 Middeldorpt'
1050 3255 1092 3286 de
1118 3255 1278 3286 institutt.
1306 3254 1452 3286 literarr.
1480 3253 1515 3284 in
1541 3253 1711 3294 Hispania
1736 3263 1825 3294 quae
1852 3252 1988 3285 Arabes
2013 3257 2172 3284 auctores
2198 3250 2394 3284 habuerunt
2419 3249 2642 3293 (Goettingae
2670 3248 2795 3290 1810)·

200 3327 233 3357 p.
261 3316 318 3350 61.
370 3315 512 3347 Poterat
538 3316 566 3347 is
592 3314 684 3346 hunc
710 3314 816 3346 indici
841 3314 999 3346 Arabum
1025 3324 1069 3346 ex
1097 3313 1269 3356 Hispania
1293 3312 1588 3355 peregrinantium
1614 3310 1753 3344 addere.

417 3374 443 3413 ²)
471 3375 624 3405 Auctore
649 3373 715 3405 Ibn
740 3372 906 3405 Schohba
932 3373 967 3404 in
993 3372 1172 3404 classibus
1197 3371 1464 3404 Schat'eitarum.
1517 3371 1616 3402 Vixit
1640 3371 1669 3402 is
1692 3371 1841 3412 scriptor
1866 3368 1909 3401 ab
1934 3379 1965 3402 a.
1998 3369 2086 3401 1377
2114 3369 2157 3401 ad
2189 3369 2297 3408 1447;
2323 3368 2385 3401 cfr.
2406 3367 2626 3400 Wfistenfeld
2651 3367 2675 3399 1.
2700 3367 2723 3399 l.
2742 3376 2776 3408 p.

201 3433 232 3462 V
258 3443 309 3473 sq.
363 3432 484 3473 Flfigel
511 3443 566 3473 ap.
595 3431 717 3465 Erscb.
745 3437 781 3464 et
806 3428 956 3464 Gruber.
984 3431 1039 3471 11,
1069 3431 1111 3463 15
1139 3441 1172 3472 p.
1201 3430 1256 3462 25.
1308 3429 1363 3462 De
1388 3428 1502 3462 Nasro
1527 3428 1617 3461 adde
1642 3427 2021 3469 Hammer-Purgstall
2047 3426 2100 3459 VI
2125 3438 2157 3470 p.
2183 3427 2263 3462 324.
