2998 3934
2718 207 2771 252 11

216 338 358 383 Porro
387 337 583 382 Molinae
611 336 696 381 fuit
723 336 770 380 in
797 336 932 380 armis
960 334 1089 379 valde
1118 341 1346 390 strenuus,
1385 335 1569 389 nobilis,
1611 335 1853 393 optimique
1884 334 2051 378 consilii
2084 335 2178 389 vir,
2219 349 2299 378 nec
2329 350 2416 378 non
2447 337 2592 389 vafer,
2631 336 2777 380 suble-

216 421 395 471 staeque
437 410 555 459 fidei·
614 410 871 456 Raetiarum
881 411 962 467 σω)
1005 412 1144 465 acies,
1188 426 1303 468 quae
1345 418 1499 454 contra
1528 409 1820 453 Athenienses
1850 410 2126 467 irruperant,
2158 408 2422 467 profligavit.
2483 410 2552 454 Eo
2580 418 2778 469 tempore

216 488 395 532 Bactiae
426 485 740 543 Chianesddd),
786 485 975 529 Athenis
1007 483 1241 528 Anuthias
1250 485 1333 542 ece)
1371 484 1627 542 regnabant.
1697 483 1854 541 Itaque
1895 499 2032 540 quum
2074 500 2100 525 a
2138 483 2306 527 Chiane
2343 484 2399 527 ad
2431 484 2524 542 [61]
2556 485 2778 541 singulare

216 570 435 606 certamen
480 559 707 608 lacessitus
736 560 973 604 Amuthias
1011 560 1169 603 timore
1209 560 1436 617 perculsus
1472 565 1713 606 recusaret,
1756 565 1861 600 tunc
1902 558 1995 601 eius
2024 558 2120 600 loco
2150 574 2243 601 sese
2274 558 2435 601 obtulit
2464 558 2679 606 Melinus,
2726 576 2777 603 eo

214 646 359 680 tamen
389 642 538 692 pacto,
586 643 636 678 ut
665 634 869 692 Regnum
898 634 964 677 illi
982 626 1095 692 *post
1122 634 1349 677 victoriam
1379 648 1462 691 pro
1492 632 1692 677 mercede
1724 640 1979 675 remaneret.
2043 633 2279 675 Annuente
2311 634 2544 678 Amuthia.
2586 633 2779 677 Chianes

215 717 259 752 et
287 708 483 758 Melinus
519 708 576 751 ad
613 716 833 752 certamen
871 722 1056 761 venere,
1100 708 1145 750 in
1183 723 1323 764 eoque
1353 716 1528 750 strenue
1557 713 1803 764 pugnatum
1834 713 1911 748 est.
1972 706 2182 762 Dumque
2214 722 2371 764 magno
2404 714 2590 763 uterque
2620 708 2778 750 ardore

216 782 524 840 confligerent,
553 782 772 836 Melinus,
809 799 940 840 quem
971 783 1015 824 vi
1045 797 1134 825 non
1163 789 1356 840 poterat,
1397 781 1550 823 fraude
1579 795 1787 838 superare
1816 780 2096 837 aggreditur,
2138 789 2205 834 et,
2236 779 2371 834 Siste,
2402 781 2567 836 inquit,
2599 782 2775 827 recede:

217 857 320 901 satis
349 864 593 915 pugnatum
623 863 700 899 est.
714 858 778 913 ὦ)
836 857 938 914 Ipse
967 857 1137 899 interea
1163 857 1208 898 in
1238 856 1536 899 adversarium
1567 863 1694 911 terga
1721 862 1964 897 vertentem
1984 855 2192 897 audacter
2212 855 2356 907 irruit,
2387 871 2575 911 eumque
2603 857 2777 899 occidit.

219 931 369 986 Quare
397 930 505 973 haec
534 930 628 975 dies
641 932 831 975 Athenis
860 931 1068 975 solemnis
1094 930 1200 984 fuit,
1229 937 1280 972 ut
1309 929 1506 986 quolibet
1534 945 1648 971 anno
1680 929 1725 970 in
1756 928 1887 971 huius
1907 929 2011 971 facti
2032 929 2285 971 memoriam
2307 930 2416 972 festa
2436 930 2777 979 celebrarentur,

217 1020 330 1063 quae
357 1020 385 1048 a
414 1003 599 1049 Graecis
626 1005 1054 1063 Apachinuriaggss),
1099 1012 1141 1047 et
1171 1010 1380 1061 corrupto
1410 1002 1624 1046 vocabulo
1654 1002 1917 1057 Apamuria,
1949 1002 2034 1046 hoc
2064 1011 2129 1047 est
2158 1002 2324 1046 fraudis
2354 1004 2464 1047 festa
2493 1004 2776 1048 vocabantur.

216 1079 315 1123 Nec
359 1079 672 1137 omittendum,
712 1080 937 1126 Codonem
969 1079 1127 1124 Melini
1170 1078 1310 1122 filium
1356 1094 1401 1122 se
1438 1077 1659 1131 hostibus,
1705 1085 1749 1120 et
1789 1078 1918 1120 morti
1956 1078 2206 1131 tradidisse,
2254 1087 2303 1121 ut
2344 1079 2527 1135 patriam
2558 1079 2777 1123 liberaret.

217 1153 424 1211 Denique
454 1153 616 1199 Graeci
645 1156 755 1199 tanti
785 1155 1015 1199 Platonem
1045 1154 1235 1208 faciunt,
1265 1160 1316 1196 ut
1344 1168 1370 1195 a
1401 1152 1646 1196 Divinitate
1676 1151 1814 1210 ipsius
1845 1168 1985 1209 genus
2014 1152 2191 1196 ducant.
2204 1153 2299 1208 hhh)
2749 1145 2753 1152 ¹

429 1228 558 1273 Plato
588 1229 644 1273 ad
673 1229 847 1276 Poesim
879 1237 924 1274 et
952 1229 1157 1274 Musicen
1187 1228 1379 1286 primum
1409 1243 1455 1271 se
1484 1227 1721 1286 applicuit,
1768 1234 1811 1270 et
1841 1227 2065 1275 excelluit,
2113 1227 2335 1285 librosque
2366 1229 2635 1287 composuit;
2676 1230 2778 1274 hinc

217 1303 412 1347 nondum
442 1304 701 1362 vigesimum
732 1306 885 1349 aetatis
914 1320 1077 1347 annum
1107 1303 1360 1361 pertingens
1390 1302 1687 1359 Pythagoram
1719 1301 1909 1353 audivit,
1952 1303 2071 1359 quod
2102 1318 2261 1360 magno
2291 1302 2594 1360 philosophiae
2625 1304 2776 1360 acqui-

216 1376 377 1422 rendae
416 1377 634 1423 desiderio
674 1378 902 1439 flagraret,
947 1385 1099 1437 postea
1137 1376 1194 1421 ad
1223 1375 1423 1420 Euclidis
1462 1376 1623 1421 amicos
1662 1391 1707 1420 se
1738 1375 1941 1425 contulit,
1986 1383 2030 1420 et
2060 1384 2234 1420 mortuo
2265 1376 2522 1434 Pythagora
2551 1376 2775 1423 Socratem

217 1451 527 1508 quaesivitiii),
567 1467 699 1509 quem
729 1454 776 1497 in
806 1469 966 1510 magno
995 1452 1221 1496 hominum
1253 1457 1381 1494 coetu
1410 1465 1438 1493 a
1465 1449 1682 1508 Dionysio
1715 1450 1923 1511 Tyranno
1954 1451 2136 1495 collecto
2168 1451 2223 1495 de
2254 1451 2533 1509 philosophia
2562 1452 2776 1497 disseren-

215 1532 303 1568 tem
333 1525 514 1572 invenit.
527 1526 625 1583 kkk)
684 1526 1008 1586 Pythagoricae
1039 1525 1341 1586 philosophiae
1369 1524 1660 1582 acquirendae
1690 1525 1897 1584 cupidus,
1928 1541 2101 1573 versus,
2133 1541 2243 1583 quos
2273 1527 2541 1584 composuit,
2572 1529 2664 1586 ipse
2685 1529 2776 1585 igni

216 1598 340 1643 dedit
351 1601 438 1657 1¹¹),
469 1610 514 1646 et
541 1601 715 1646 Socrati
743 1618 788 1646 se
818 1601 1009 1645 addixit:
1040 1608 1147 1645 tunc
1176 1616 1339 1643 annum
1369 1599 1526 1657 agebat
1554 1600 1813 1657 vigesimum
1831 1635 1841 1645 .
1873 1608 1916 1643 et
1946 1601 2266 1657 quinquaginta
2277 1602 2404 1657 mmm)
2434 1602 2559 1644 annis
2584 1601 2777 1646 Socratis

216 1675 509 1721 familiaritate
554 1682 620 1720 est
661 1691 787 1733 usus,
831 1683 882 1720 ut
924 1691 1013 1719 non
1059 1674 1189 1719 modo
1218 1674 1584 1732 Pythagoricam,
1630 1690 1784 1719 verum
1827 1675 1956 1718 etiam
1987 1673 2255 1720 Socraticam
2296 1675 2617 1734 philosophiam
2649 1676 2776 1734 plane

214 1748 399 1808 adeptus
441 1751 576 1795 fuerit
594 1784 717 1795 .....
777 1751 1025 1810 Sapientiae
1066 1749 1251 1808 cupidus
1290 1749 1440 1804 Plato,
1485 1748 1856 1807 Philosophorum
1897 1749 2082 1807 scripta,
2126 1765 2177 1793 ac
2210 1750 2465 1807 praesertim
2497 1749 2776 1807 Pythagorae

155 1866 158 1873 ,
214 1824 350 1869 libros
378 1841 547 1870 summa
577 1825 808 1883 diligentia
838 1826 1076 1883 quaesivit,
1106 1831 1150 1868 et
1178 1840 1338 1882 magno
1368 1824 1497 1868 etiam
1519 1824 1660 1882 pretio
1682 1825 1965 1881 comparavit.
2027 1824 2163 1868 Dioni
2187 1824 2432 1879 mandavit,
2464 1832 2514 1867 ut
2533 1823 2774 1868 aPhilolao

214 1907 302 1944 tres
332 1899 463 1945 huius
492 1900 744 1960 philosophi
773 1901 909 1946 libros
940 1901 1082 1960 pretio
1113 1906 1296 1954 emeret,
1329 1915 1439 1957 quos
1469 1908 1643 1944 centum
1675 1898 1864 1943 denariis
1893 1899 2230 1959 acquisivitnrin)
2249 1934 2258 1943 .
2279 1934 2287 1943 .
2307 1934 2317 1943 .
2363 1900 2464 1944 Hoc
2493 1900 2775 1943 scientiarum

214 1991 361 2019 amore
390 1976 550 2019 ductus
578 1984 646 2019 ter
675 1977 720 2019 in
749 1975 944 2021 Siciliam
973 1976 1219 2033 navigavit,
1263 1977 1406 2033 primo
1437 1981 1487 2017 ut
1515 1976 1711 2018 Aetnaea
1741 1975 1974 2027 miracula,
2015 1983 2292 2031 crateresque
2322 1975 2615 2030 videretooo),
2663 1991 2775 2031 quae

215 2050 353 2107 magis
384 2050 476 2107 [62]
508 2049 728 2107 hyberna,
774 2067 905 2107 quam
945 2051 1109 2095 aestiva
1146 2058 1403 2108 tempestate
1441 2049 1637 2094 flammas
1670 2066 1870 2093 evomere
1900 2049 2122 2092 dicuntur.
2185 2049 2315 2093 Hanc
2345 2049 2536 2093 Insulam
2570 2050 2613 2098 vj
2645 2066 2774 2092 occu-

214 2132 394 2182 paverat
432 2123 614 2181 quidam
652 2125 895 2182 Dionysius
935 2124 1154 2180 Graecus,
1198 2126 1245 2168 in
1282 2129 1419 2182 eaque
1463 2124 1740 2182 tyrannidem
1781 2124 2024 2167 exercebat.
2104 2123 2217 2167 Cum
2259 2125 2407 2179 itaque
2440 2124 2686 2188 Tyrannus·
2704 2125 2776 2168 hic

426 2297 582 2330 Platonis
607 2298 734 2339 scripta
758 2298 864 2329 hocce
890 2298 1011 2329 ordine
1037 2297 1159 2329 Theon
1186 2298 1495 2338 Alexandrinuso)
1522 2297 1645 2335 refert:
1680 2298 1905 2329 Politicorum
1932 2298 2046 2338 Liber,
2073 2299 2115 2330 ab
2143 2300 2306 2330 Honaino
2334 2299 2442 2329 lsaaci
2468 2298 2593 2339 filiov)
2627 2300 2775 2332 Arabico

214 2365 420 2396 conversum
444 2356 551 2389 Liber
577 2356 630 2389 De
656 2356 819 2399 Legibus,
845 2343 947 2399 quein
973 2356 1161 2407 Arabicum
1186 2356 1298 2390 fecere
1321 2357 1514 2397 Honainus‚
1540 2362 1573 2389 et
1597 2356 1698 2389 Iahia
1723 2356 1797 2389 Ben
1816 2357 1951 2398 Adm)
2002 2357 2057 2389 Ex
2086 2358 2127 2389 iis
2153 2368 2235 2389 vero
2262 2357 2388 2397 Libris,
2416 2358 2474 2399 qui
2502 2358 2657 2391 Platonis
2677 2361 2773 2392 Ami-

213 2423 333 2454 corum
357 2415 496 2446 nomine
512 2415 810 2456 circumferuntur,
836 2420 933 2447 sunt:
963 2415 1069 2447 Liber
1087 2414 1245 2457 Theages
1263 2416 1305 2447 de
1323 2414 1564 2457 Philosophia;
1591 2415 1697 2447 Liber
1714 2415 1847 2447 Laches
1866 2416 1908 2447 de
1926 2416 2161 2450 Fortitudine:
2189 2416 2293 2448 Liber
2320 2417 2576 2458 Aristotelesr)
2595 2418 2636 2449 de
2656 2418 2773 2451 Philo-

213 2472 364 2513 sophicis
389 2473 600 2514 disciplinis:
625 2474 731 2505 Liber
755 2474 958 2505 Charmides
984 2474 1026 2505 de
1041 2474 1302 2515 Temperantia:
1329 2475 1474 2516 Hippias
1491 2475 1527 2513 8)
1552 2474 1594 2505 de
1619 2474 1786 2514 Pulchro,
1814 2475 1910 2505 Libri
1935 2474 1981 2508 Π,
2032 2475 2137 2506 Liber
2155 2475 2393 2516 Euthydemus
2420 2477 2461 2506 de
2480 2487 2562 2508 vera
2579 2477 2773 2518 Sapientia:

214 2530 403 2573 Alcyont),
429 2531 525 2564 Libri
544 2532 597 2576 11:
624 2532 730 2565 Liber
747 2531 897 2574 Gorgias
914 2539 1130 2575 nuncupatus
1145 2533 1204 2574 ¹¹):
1229 2533 1459 2576 Euthyphron
1477 2533 1602 2566 Liber:
1628 2533 1836 2566 Theaetetus
1847 2534 1886 2573 v)
1905 2533 2026 2565 Liber:
2054 2533 2221 2565 Phaedon
2239 2534 2359 2565 Liber:
2388 2535 2490 2566 Liber
2509 2535 2646 2567 Criton:
2671 2537 2776 2568 Liber

213 2589 379 2622 Philebus
390 2591 449 2631 W):
475 2591 581 2624 Liber
599 2592 783 2624 Politicus:
809 2593 915 2625 Liber
932 2592 1134 2625 Phrathilus
1161 2593 1393 2634 (scribendum
1419 2592 1614 2635 Cratylus):
1641 2592 1805 2625 Socostus
1823 2593 1928 2624 Liber
1955 2593 2188 2632 (scribendum
2206 2593 2451 2634 Socrates)¹):
2480 2594 2641 2626 Timaeus
2660 2596 2775 2633 Liber,

213 2657 234 2679 a
259 2647 357 2681 Iahia
382 2648 456 2682 Ben
483 2650 552 2682 Adi
575 2651 810 2692 castigatusz).
860 2651 1085 2684 Parmenides
1119 2651 1238 2683 Liber:
1276 2652 1455 2683 Phaedrus
1489 2652 1617 2683 Liber:
1652 2652 1773 2683 Midon
1811 2651 1913 2683 Liber
1925 2652 1995 2691 ⁸⁸):
2032 2652 2146 2683 Minos
2180 2652 2300 2683 Liber:
2335 2653 2555 2694 Hipparchus
2587 2654 2691 2685 Liber
2706 2656 2773 2695 bb):

214 2705 429 2741 Menexenus
453 2708 577 2750 Liber;
603 2709 791 2752 Clitophon
815 2710 921 2743 Liber
933 2711 1003 2752 00);
1029 2710 1203 2752 Timaeus,
1229 2710 1326 2744 Libri
1350 2709 1488 2752 111dd);
1515 2710 1620 2743 Liber
1645 2711 1698 2743 De
1725 2710 2049 2753 Comparationibus
2063 2712 2129 2751 e·—²):
2156 2711 2260 2743 Liber
2286 2711 2339 2743 De
2358 2712 2566 2754 Unitateff);
2593 2713 2696 2744 Liber
2722 2713 2775 2745 De

214 2763 415 2808 Intellectu,
449 2767 493 2799 de
521 2768 682 2809 Anima,
701 2769 746 2800 de
770 2768 1032 2811 Substantiass)
1057 2775 1091 2801 et
1115 2769 1321 2801 Accidente:
1355 2769 1460 2801 Liber
1486 2769 1540 2801 De
1565 2768 1677 2801 Sensu
1702 2776 1736 2801 et
1759 2768 1999 2801 Delectatione
2010 2768 2080 2810 hh):
2114 2769 2219 2801 Liber
2245 2769 2554 2813 Mnesistratus2ii)
2589 2770 2694 2803 Liber
2722 2771 2774 2803 De

213 2823 381 2858 Iuvenum
406 2827 559 2860 moribus
569 2828 642 2869 kk):
668 2829 773 2861 Liber
799 2829 854 2861 De
879 2828 1097 2861 Geometriae
1122 2829 1378 2869 Elementisll),
1403 2812 1540 2870 praeter
1564 2828 1650 2860 alias
1676 2830 1749 2860 eius
1775 2829 1949 2871 Epistolas
1964 2854 1972 2868 ,
1999 2839 2087 2870 quae
2112 2829 2223 2860 adhuc
2250 2831 2459 2872 extant.mm)

425 2886 582 2919 Platonis
608 2888 841 2931 Epitaphium.
892 2889 960 2920 Hic
998 2888 1088 2920 iacet
1120 2889 1173 2919 vir
1206 2888 1364 2928 divinus,
1398 2888 1456 2930 qui
1488 2898 1606 2920 omnes
1632 2889 1861 2930 temperantia
1886 2885 2079 2920 et'morum
2106 2889 2302 2930 integritate
2329 2890 2515 2930 superavit.
2567 2888 2773 2931 Quicunque

214 2943 417 2985 sapientiam
433 2956 516 2988 prae
534 2948 656 2980 ceteris
673 2947 775 2979 rebus
793 2947 997 2988 laudaverit,
1022 2947 1115 2979 hunc
1133 2947 1283 2979 maxime
1301 2947 1428 2987 laudet,
1453 2952 1571 2989 utpote
1589 2948 1625 2980 in
1644 2958 1712 2989 quo
1731 2948 1882 2979 maxima
1900 2947 2051 2979 eiusdem
2069 2958 2147 2989 pars
2166 2947 2239 2979 fuit.
2252 2946 2288 2987 L)
2340 2947 2393 2978 Ex
2412 2948 2522 2979 altera
2539 2948 2661 2979 tumuli
2679 2954 2773 2989 parte

214 3002 416 3044 legebantur
447 3004 552 3037 haec:
602 3007 706 3038 Humi
733 3006 890 3039 Platonis
922 3016 1046 3049 corpus
1071 3006 1182 3038 solum
1207 3006 1311 3045 iacet;
1349 3006 1441 3038 illius
1467 3016 1549 3039 vero
1573 3007 1690 3039 anima
1714 3007 1834 3039 mortis
1864 3016 1983 3038 exsors
2008 3006 2260 3038 Immortalium
2287 3006 2460 3049 adscripta
2485 3013 2535 3038 est
2567 3006 2772 3048 numerojff)

420 3149 510 3191 118..
572 3150 652 3197 (nx
682 3151 869 3204 Gregorii
897 3151 1196 3205 Abulpharagii
1224 3150 1399 3193 historia
1426 3151 1719 3203 dynastia-um,
1749 3152 1974 3204 interprete
2003 3151 2075 3192 m
2106 3138 2301 3193 Poeimkio
2331 3164 2370 3204 p.
2402 3152 2453 3193 58
2483 3156 2561 3204 sq.)

427 3240 589 3281 „Mortuo
605 3241 761 3284 Socrate,
778 3242 962 3276 Platonem
986 3253 1069 3285 prae
1094 3243 1216 3275 ceteris
1240 3242 1429 3275 celebravit
1451 3242 1560 3281 fama,
1586 3244 1699 3275 virum
1724 3243 1850 3274 illustri
1876 3240 2047 3284 prosapia,
2074 3248 2190 3284 utpote
2216 3244 2274 3284 qui
2300 3250 2479 3284 paternam
2504 3254 2611 3281 genus
2637 3241 2656 3274 a
2675 3244 2771 3275 Posi-

214 3296 319 3329 donio
328 3297 398 3341 bbb)
431 3299 589 3342 duceret,
623 3305 818 3335 maternum
848 3298 870 3335 a
894 3300 1024 3335 Solone
1048 3301 1316 3334 Atheniensium
1348 3300 1555 3343 legislatore.
1605 3301 1730 3334 Fertur
1752 3301 1890 3343 juvenis
1925 3308 1997 3334 arte
2031 3298 2173 3334 Poetica
2201 3301 2422 3340 excelluisse,
2456 3312 2531 3333 cum
2559 3310 2670 3334 autem
2697 3313 2771 3334 eam

214 3355 391 3390 doctrinae
424 3364 557 3402 partem
591 3369 674 3403 prae
704 3360 852 3393 caeteris
885 3360 1044 3394 omnibus
1069 3369 1091 3393 a
1116 3358 1258 3393 Socrate
1290 3356 1435 3393 infamia
1466 3363 1619 3392 notatam
1643 3359 1793 3400 videret,
1826 3359 1933 3392 libros
1959 3369 2038 3392 suos
2064 3358 2223 3391 Poeticos
2248 3358 2494 3401 combussisse,
2529 3358 2633 3402 seque
2658 3360 2709 3393 illi
2734 3361 2769 3393 in

213 3416 419 3457 discipulum
444 3420 697 3462 quinquaginta
719 3429 830 3451 annos
856 3420 982 3452 tradito
1007 3419 1269 3462 Philosophiam
1294 3419 1337 3451 ab
1363 3419 1438 3462 ipso
1463 3418 1732 3461 Pythagoricam
1758 3419 1967 3458 didicissei)
2019 3419 2102 3450 Tria
2128 3419 2246 3450 statuit
2272 3429 2385 3450 rernm
2420 3419 2607 3462 principia,
2645 3419 2769 3459 Deum,
