2998 3934
535 994 1003 1084 Lectiones
1063 992 1938 1108 Abulpharagianae
2006 993 2376 1081 alterae.

803 1188 903 1251 IV.
962 1188 1042 1251 De
1081 1188 1341 1262 Honaini,
1380 1196 1443 1250 ut
1480 1188 1674 1261 fertur,
1715 1188 1827 1249 vita
1865 1187 2119 1249 Platonis

396 1420 835 1517 Abulpharagianas
863 1459 1072 1503 lectiones
1102 1459 1260 1502 abhinc
1290 1475 1426 1502 annos
1456 1459 1567 1502 duos
1597 1467 1641 1502 et
1669 1459 1827 1517 viginti
1857 1459 2080 1503 incohatas
2110 1475 2307 1512 resumo,
2339 1474 2427 1501 non
2458 1475 2529 1502 eas
2560 1458 2738 1515 quidem

170 1543 232 1578 -ut
266 1536 495 1593 perficiam
536 1549 653 1577 nunc
696 1533 1025 1590 absolvamque,
1072 1550 1126 1577 ne
1167 1541 1217 1577 ut
1245 1533 1470 1577 emendem
1501 1533 1680 1590 quidem
1711 1542 1842 1590 atque
1873 1534 2115 1591 corrigam,
2159 1533 2234 1577 sed
2265 1541 2314 1576 ut
2343 1534 2609 1577 intermissas
2639 1533 2740 1575 data

180 1611 409 1654 occasione
451 1625 732 1667 promoveam
774 1609 1060 1667 aliquatenus.
1122 1609 1295 1664 Quibus
1335 1624 1432 1651 cum
1472 1609 1575 1651 olim
1604 1609 1650 1651 id
1681 1609 1865 1666 egissem
1896 1617 1968 1663 ut,
2014 1625 2124 1666 quae
2155 1609 2209 1652 de
2240 1608 2526 1666 scriptoribus
2558 1607 2740 1652 Graecis

180 1685 300 1742 apud
347 1684 616 1742 Gregorium
670 1683 794 1726 illum
841 1683 1221 1741 Abulpharagium
1269 1684 1593 1727 Barhebraeum
1639 1684 1709 1726 vel
1754 1685 1799 1727 in
1845 1684 2043 1728 Historia
2088 1685 2395 1742 compendiosa
2439 1684 2738 1741 dynastiaruni

183 1758 374 1802 Arabice
403 1761 567 1817 scripta
597 1759 666 1802 vel
697 1760 742 1801 in
775 1758 997 1802 Chronico
1028 1758 1210 1816 Syriaco
1240 1767 1343 1803 sunt
1371 1760 1551 1813 tradita,
1598 1775 1685 1815 qua
1725 1760 1800 1801 illa
1829 1768 2005 1816 possent
2036 1761 2203 1802 ratione
2234 1760 2288 1802 ad
2322 1759 2591 1803 Graecarum
2623 1760 2738 1802 litte-

181 1849 330 1875 rarum
375 1833 580 1877 historiae
610 1834 729 1876 locos
765 1833 998 1876 nonnullos
1028 1832 1324 1877 inlustrandos
1353 1832 1548 1875 adhiberi
1580 1833 1686 1877 meis
1716 1833 1977 1890 quibusdam
2011 1832 2466 1877 commentatiunculis
2497 1833 2738 1890 experirer:

182 1908 302 1964 quod
342 1899 521 1965 quidem
559 1915 666 1951 tunc
695 1907 996 1962 instituebam,
1042 1915 1092 1950 ut
1121 1922 1255 1964 porro
1286 1907 1340 1950 de
1371 1906 1613 1965 Diophanti
1645 1915 1688 1950 et
1719 1907 1945 1965 Hypsiclis
1976 1908 2379 1951 mathematicorum
2412 1907 2738 1950 Alexandrino-

183 1997 282 2024 rum
320 1983 514 2039 itemque
557 1982 611 2026 de
642 1982 851 2025 Iohannis
880 1980 1116 2039 Philoponi
1157 1982 1369 2025 aetatibus
1411 1989 1453 2024 et
1491 1982 1665 2038 scriptis
1703 1983 1985 2036 dissererem,
2031 1984 2074 2025 in
2106 1984 2212 2026 alias
2244 1983 2436 2039 aliasque
2466 1983 2740 2038 antiquitatis

181 2056 428 2099 studiorum
460 2064 608 2115 partes
637 2057 806 2102 delatus
836 2055 989 2099 dubito
1020 2072 1074 2099 an
1105 2057 1211 2111 iam,
1242 2058 1276 2101 si
1308 2056 1465 2110 velim,
1496 2072 1550 2099 ne
1571 2057 1731 2113 possim
1754 2056 1931 2113 quidem
1954 2057 2139 2101 efficere.
2201 2060 2271 2101 Ac
2292 2073 2393 2101 sane
2415 2073 2519 2114 ego,
2551 2058 2739 2100 instante

183 2130 374 2175 hominis
414 2132 683 2176 dilectissimi
725 2132 1174 2189 quinquagennalium
1205 2131 1495 2189 gratulatione
1526 2131 1806 2185 faustissima,
1850 2132 1894 2174 in
1926 2149 2014 2188 qua
2043 2149 2145 2176 suae
2174 2132 2471 2176 testificandae
2501 2132 2738 2174 voluntatis

184 2221 253 2249 me
293 2206 357 2249 uti
397 2192 633 2250 voluerunt
661 2207 901 2264 interprete
931 2207 1138 2263 conlegae
1167 2206 1341 2264 optimi,
1385 2206 1549 2250 veritus
1578 2222 1673 2250 sum
1704 2207 2019 2263 aliquantisper
2049 2207 2093 2250 in
2124 2207 2233 2249 illud
2264 2206 2510 2250 studiorum
2542 2222 2738 2248 meorum

182 2280 406 2338 quondam
452 2280 750 2325 habitaculum
793 2281 1031 2338 remigrare
1075 2280 1162 2324 iam
1206 2280 1437 2324 oblivionis
1479 2296 1529 2324 ac
1573 2279 1871 2325 desuetudinis
1917 2282 2038 2325 velut
2081 2282 2169 2325 situ
2211 2281 2400 2338 quodam
2438 2281 2660 2324 obtectum
2699 2290 2742 2323 et

181 2355 453 2413 supellectile
484 2372 561 2400 sua
591 2355 871 2409 destitutum3
903 2371 1045 2413 neque
1075 2372 1206 2401 ausus
1235 2372 1370 2400 essem
1400 2354 1556 2412 pedem
1587 2355 1769 2410 inferre,
1803 2356 1885 2400 nisi
1915 2356 2072 2413 aliquis
2102 2357 2147 2400 in
2169 2374 2220 2400 eo
2242 2365 2432 2400 exstaret
2451 2356 2573 2399 locus
2593 2356 2740 2411 paullo

179 2429 360 2485 laetior,
392 2445 523 2487 quem
554 2445 730 2488 sperare
760 2437 957 2488 poteram
989 2436 1032 2473 et
1061 2437 1161 2474 ante
1192 2436 1354 2474 certam
1384 2429 1498 2473 diem
1530 2429 1677 2486 aliquo
1711 2429 1839 2474 modo
1861 2446 1987 2487 posse
2010 2430 2270 2487 pertractari
2291 2438 2333 2473 et
2355 2429 2414 2483 ei,
2446 2429 2570 2473 cuius
2592 2445 2742 2473 caussa

181 2502 289 2546 haec
321 2503 597 2559 scribuntur,
627 2512 809 2562 propter
839 2504 1088 2563 argumenti
1118 2519 1224 2549 cum·
1248 2504 1301 2549 iis
1332 2503 1490 2561 quibus
1510 2503 1604 2561 ipse
1626 2504 1812 2548 maxime
1833 2504 2075 2549 delectatur
2096 2504 2253 2549 studiis
2275 2504 2508 2561 quamdam
2530 2504 2740 2548 coniunc-

179 2578 344 2621 tionem
375 2578 575 2621 nonnihil
595 2577 766 2622 adferre
786 2593 914 2637 posse
934 2578 1185 2637 voluptatis.
1244 2578 1314 2623 De
1330 2578 1512 2622 Platone
1534 2579 1648 2622 enim
1670 2594 1749 2624 suo
1767 2578 2232 2623 ENGELHARDTUS
2254 2588 2400 2622 noster
2421 2577 2540 2635 quod
2563 2578 2740 2635 quidem

179 2651 387 2696 addoceri
419 2668 444 2695 a
475 2669 543 2696 me
574 2654 713 2710 possit
742 2653 853 2696 nihil
884 2669 1064 2710 prorsus
1093 2669 1185 2697 esse
1214 2652 1384 2706 iudi003
1430 2653 1505 2696 sed
1545 2653 1662 2696 idem
1692 2661 1836 2697 tamen
1868 2670 2046 2697 cernere
2078 2654 2201 2696 illum
2233 2654 2406 2696 Atticae
2437 2653 2741 2709 philosophiae

180 2724 479 2783 coryphaeum
512 2726 815 2784 chalipharum
850 2728 895 2772 in
925 2727 1026 2773 sede
1056 2727 1370 2785 hospitantem,
1415 2726 1566 2771 audire
1604 2735 1774 2772 vetusta
1804 2729 2073 2772 Actaeorum
2104 2728 2281 2771 nomina
2311 2726 2505 2785 Tigridis
2537 2726 2592 2770 ad
2624 2728 2741 2785 ripas

180 2801 429 2843 resonantia
458 2817 717 2859 parumper,
750 2802 930 2859 opinor,
961 2818 1074 2859 quae
1104 2810 1169 2846 est
1197 2802 1315 2860 apud
1345 2819 1444 2845 eum
1475 2803 1616 2846 omnis
1645 2802 1870 2846 doctrinae
1901 2803 2081 2857 caritas,
2111 2802 2354 2847 sustinebit.

393 2874 553 2931 Neque
581 2892 687 2919 vero
718 2876 772 2919 de
804 2876 1005 2919 doctrina
1035 2877 1255 2929 Platonis,
1296 2877 1467 2932 qualem
1499 2877 1831 2919 informaverint
1860 2877 1963 2933 Syri
1995 2885 2038 2920 et
2067 2878 2257 2929 Arabes,
2289 2877 2333 2918 in
2364 2876 2509 2917 animo
2540 2875 2648 2916 mihi
2678 2884 2742 2917 est

178 2945 425 3004 disputare,
457 2949 577 3006 quod
608 2950 689 2994 etsi
718 2950 805 2993 iam
835 2950 930 2993 fieri
960 2957 1104 3006 potest
1132 2950 1329 3004 uberius,
1360 2958 1591 3007 postquam
1622 2950 1949 2995 Muhammedis
1969 2951 2350 2996 Schahrastanitae
2371 2950 2425 2992 de
2447 2949 2671 3006 religionis
2691 2965 2741 2991 ac

179 3020 484 3079 philosophiae
513 3025 642 3069 sectis
671 3024 783 3069 liber
814 3033 858 3069 et
887 3025 1077 3069 Arabice
1108 3025 1251 3069 editus
1281 3034 1346 3069 est
1373 3043 1399 3068 a
1430 3025 1668 3069 Guilielmo
1699 3025 1924 3069 Curetono
1956 3027 2166 3069 Londinii
2197 3042 2234 3067 a.
2269 3027 2378 3067 1842
2410 3033 2454 3067 et
2483 3026 2529 3067 in
2556 3025 2740 3068 Germa-

179 3096 327 3139 nicum
359 3112 594 3142 conversus
624 3115 650 3141 a
680 3099 913 3142 Theodoro
935 3099 1277 3144 Haarbrsickero
1298 3100 1439 3142 Halae
1469 3116 1505 3141 a.
1531 3101 1645 3143 1850
1665 3108 1709 3142 et
1729 3103 1798 3153 51,
1829 3117 1879 3142 ea
1907 3109 2053 3142 tamen
2083 3117 2166 3154 res,
2198 3100 2270 3141 cui
2300 3115 2354 3141 ne
2385 3099 2532 3141 deesse
2564 3099 2740 3155 quidem

177 3167 297 3213 clara
325 3170 502 3228 ingenia
530 3171 674 3227 video,
705 3173 930 3231 amplioris
962 3180 1026 3217 est
1055 3173 1313 3218 eruditionis
1343 3174 1668 3231 subtiliorisque
1700 3174 1967 3233 diligentiae,
1998 3191 2128 3232 quam
2161 3174 2231 3218 cui
2261 3190 2344 3232 ego
2376 3190 2443 3217 me
2473 3189 2623 3238 parem
2650 3190 2741 3218 esse

178 3245 376 3289 sentiam.
449 3246 565 3306 Mihi
605 3264 711 3290 vero
752 3249 883 3292 liceat
921 3249 1147 3307 philologo
1187 3250 1325 3307 magis
1362 3266 1453 3294 esse
1494 3266 1625 3307 quam
1665 3249 1928 3307 philosopho
1960 3258 2003 3293 et
2032 3252 2075 3293 in
2106 3251 2196 3293 vita
2226 3250 2423 3293 Platonis
2453 3249 2505 3291 ab
2539 3249 2741 3292 Arabicis

177 3320 431 3365 auctoribus
470 3322 634 3378 scripta
670 3322 793 3365 velut
830 3324 875 3366 in
917 3324 1206 3380 penetralium
1247 3324 1430 3367 istorum
1460 3324 1677 3367 vestibulo
1708 3325 1957 3367 consistere.
2020 3324 2164 3380 Quam
2196 3325 2309 3367 enim
2342 3324 2396 3365 de
2427 3323 2517 3365 vita
2546 3323 2741 3365 Platonis

177 3392 470 3437 narrationem
512 3395 697 3438 inseruit
738 3395 1099 3453 Abulpharagius
1140 3396 1365 3441 Historiae
1405 3397 1739 3453 compendiosae
1780 3397 2079 3454 dynastiarum
2117 3415 2159 3454 p.
2202 3400 2256 3440 58
2297 3414 2360 3453 sq.
2408 3396 2496 3445 (ed.
2540 3397 2741 3438 Pococke

2509 3482 2522 3510 1
