2998 3934
2684 180 2743 225 13

179 311 410 355 Amantiam
441 326 511 353 ex·
528 309 849 368 Philippis-²³⁸)
880 331 885 335 ,
905 308 965 351 In·
991 307 1217 351 edocendo
1248 308 1416 365 optima
1435 307 1642 351 methodo
1664 309 1889 360 utebatu13
1920 310 2128 365 quocirca
2148 308 2301 352 doctos
2320 310 2561 366 discipulos
2581 318 2681 367 post
2699 326 2743 353 se

177 384 452 444 reliquit,A)
474 397 476 399 ·
496 383 612 427 inter
652 398 764 441 quos
803 381 1074 439 Speusippuae
1098 380 1381 426 Atheniensis
1412 382 1609 426 Platonis
1638 399 1692 425 ex
1722 382 1884 427 sorore
1914 399 2073 442 nepos,
2117 382 2377 425 Xenocrates
2407 382 2743 429 Chalcedonius,

177 460 430 505 Aristoteles
456 457 689 517 Stagirita,
729 457 911 501 Proclm
938 452 1216 503 Nithinensis
1232 457 1310 515 Β),
1352 455 1577 503 Hestiaeus
1606 457 1880 513 Perinthius,
1923 458 2139 515 Archytae
2173 455 2457 505 Tarentinus.
2487 457 2575 501 Dio
2608 457 2741 515 Syra-

176 550 391 590 cusanus,
428 533 642 579 Nicotaus
659 533 711 590 C)
742 532 1005 578 Aristeanus
1015 534 1094 592 D),
1143 533 1337 577 coriscus
1365 531 1593 592 Scepsius,
1642 532 1862 577 Timolaus
1891 532 2160 591 Cyzicenus,
2201 532 2374 576 Evaeon
2403 532 2742 592 Lampsacenus·

176 611 448 656 Menedemus
491 609 759 653 Eretriensis
775 610 852 665 Ε),
907 610 1162 652 Heraclides
1205 609 1400 661 Aenius,
1456 608 1764 665 Hippoclides,
1809 618 1853 653 et
1895 609 2026 652 Philo
2046 610 2097 665 F)
2143 607 2454 661 Athenienses,
2505 608 2742 650 Demeam

176 684 527 748 Amphipoffles,
559 690 690 741 atque
721 684 795 742 alii
825 683 1087 742 complures.

389 758 518 802 Plato
562 758 710 815 itaque
756 774 856 802 cum
900 759 1015 802 iuter
1060 755 1430 801 deambulandum
1473 757 1673 807 doceret,
1719 757 1813 800 eius
1842 756 2048 800 Asseclae
2078 755 2359 813 Peripatetici
2399 772 2556 800 nomen
2598 755 2738 799 sortiti

174 843 289 878 sunt.
305 835 363 890 G)
421 831 549 876 Obiit
577 848 716 875 annos
744 840 873 875 natus
901 833 1126 889 octoginta
1156 848 1294 874 unum
1308 833 1385 887 Η),
1416 832 1579 874 relictis
1611 832 1750 876 hortis
1778 832 1914 883 binis,
1946 831 2105 887 poculo
2136 846 2244 883 uno,
2276 847 2363 872 una
2393 846 2492 873 cum
2524 832 2676 873 inaure
2687 831 2740 885 Ι),

174 917 307 968 quam
338 906 461 951 auris
488 906 754 949 extremitati
784 920 1020 963 appensam
1050 906 1095 949 in
1126 905 1366 949 nobilitatis
1397 921 1498 949 suae
1529 907 1703 962 signum
1735 912 1905 961 gestare
1937 903 2127 957 solebat,
2158 920 2257 947 cum
2288 905 2479 960 reliquas
2510 904 2740 947 facultates

173 1000 274 1030 suas
301 978 525 1038 Neptibus
563 996 617 1023 ex
646 980 781 1023 fratre
819 978 1023 1023 dotandis
1053 978 1349 1037 impendisset.
1366 980 1421 1037 K)
1481 979 1695 1038 Sepulcro
1726 978 1862 1035 ipsius
1893 977 1975 1020 hoc
2007 977 2294 1035 Epitaphium
2326 978 2410 1021 fuit
2440 979 2738 1035 exsculptum:

387 1053 474 1096 Hic
507 1053 625 1108 jacet
663 1056 731 1095 vir
768 1055 956 1107 divinus,
1004 1055 1082 1110 qui
1121 1068 1260 1096 omnes
1301 1057 1602 1111 temperantia,
1650 1061 1687 1094 et
1726 1068 1891 1094 morum
1932 1054 2172 1106 inteqritate
2202 1055 2428 1108 superavit.
2491 1053 2739 1109 Quicunque

171 1131 438 1188 Sapientiam
463 1143 572 1184 prae
587 1130 734 1170 ceteris
748 1128 873 1171 rebus
890 1129 1151 1182 laudaverit,
1183 1127 1311 1170 Hunc
1325 1131 1508 1171 maxime
1524 1128 1686 1177 laudet,
1719 1135 1872 1183 utpote
1886 1129 1931 1168 in
1948 1142 2030 1183 quo
2046 1128 2668 1184 maximajeiuedemparsfuit.
2686 1129 2737 1184 L)

396 1202 468 1244 Ex
497 1202 634 1244 altera
662 1203 821 1245 tumuli
851 1210 975 1260 parte
1004 1202 1263 1260 legebantur
1293 1202 1422 1246 haec:

385 1275 524 1318 Humi
551 1276 744 1319 Platonis
789 1292 942 1334 corpus
979 1278 1115 1319 solam
1143 1276 1286 1332 jacen·
1329 1278 1448 1319 ‘illivs
1488 1291 1584 1319 vero
1630 1278 1774 1317 anima
1813 1276 1961 1317 mortis
1993 1289 2134 1317 exsors
2169 1274 2486 1318 [mmor-talium
2518 1276 2735 1332 adscripta

169 1361 233 1397 est
256 1366 441 1395 numero.
453 1350 513 1406 Μ)

167 1480 282 1522 sophi.
330 1479 431 1511 Plato
464 1487 619 1509 mortuus
653 1485 705 1509 est
734 1486 827 1507 anno
859 1477 980 1507 aetatis
1015 1476 1122 1517 82.h)
1171 1478 1261 1509 Eum
1288 1480 1424 1520 excepit
1449 1478 1680 1519 Speusippus,
1721 1488 1790 1509 non
1817 1478 2023 1509 Aristoteles
2035 1477 2088 1517 k),
2127 1487 2168 1508 eo
2195 1478 2305 1518 quod,
2344 1477 2425 1508 lieet
2451 1478 2638 1518 discipulus
2664 1480 2736 1509 eius

168 1543 278 1579 esset,
304 1548 326 1570 a
350 1536 511 1569 doctrina
533 1536 606 1568 eius
633 1534 841 1574 discederet,
867 1534 1065 1576 cumprimis
1092 1535 1186 1576 quod
1216 1536 1344 1577 dogma
1368 1537 1679 1577 transmigrationis
1705 1537 1898 1568 animarum
1924 1542 2064 1577 spectat,
2091 1546 2159 1576 quo
2184 1535 2322 1577 quidem
2349 1536 2384 1566 in
2411 1536 2570 1576 dogmate
2597 1536 2734 1568 Platoni

170 1597 273 1630 valde
296 1596 500 1628 adversatus
529 1600 582 1627 est
583 1619 736 1630 .......
786 1592 946 1626 Socrates
971 1599 1006 1625 et
1030 1593 1132 1626 Plato
1157 1604 1178 1626 a
1194 1594 1395 1637 Pythagora
1419 1595 1674 1638 philosophiam
1700 1594 1970 1637 acceperuntd)
2019 1594 2159 1626 Mortuo
2177 1593 2320 1626 Socrate
2337 1594 2439 1625 Plato
2464 1594 2589 1626 famam
2617 1601 2735 1626 nactus

166 1661 232 1689 est.
280 1655 404 1688 Theon
433 1647 743 1694 Alexandrinuso)
770 1653 913 1695 triginta
937 1658 1004 1686 tres
1032 1653 1138 1686 libros
1163 1655 1378 1688 enumeravit
1401 1666 1423 1688 a
1448 1643 1592 1688 Pla‘mne
1618 1654 1850 1696 conscriptos,
1877 1654 1966 1685 inter
1991 1664 2077 1694 quos
2103 1660 2182 1686 sunt
2208 1653 2294 1685 liber
2319 1653 2493 1695 politices.
2522 1653 2563 1685 de
2590 1653 2734 1695 legibus,

166 1714 336 1746 Phaedon
369 1719 404 1745 et
428 1713 604 1748 Timaeus.
655 1712 824 1754 Prosapia
854 1712 926 1744 eius
959 1717 1104 1754 paterna
1136 1719 1169 1745 et
1201 1719 1356 1746 materna
1387 1715 1559 1746 senatoria
1582 1713 1663 1752 fuit3
1703 1722 1747 1744 ex
1772 1718 1869 1754 patre
1894 1713 1986 1744 enim
2012 1713 2180 1754 originem
2207 1712 2300 1744 ducit
2326 1722 2347 1744 a
2370 1712 2560 1744 Posidonio
2571 1713 2658 1755 bbb),
2691 1723 2733 1745 ex

166 1778 276 1805 matre
300 1782 322 1804 a
338 1771 489 1811 Solone,
516 1772 575 1812 qui
594 1771 867 1803 Atheniensibus
894 1771 987 1812 leges
1013 1772 1101 1803 tulit.
1151 1773 1225 1803 Alii
1250 1773 1369 1804 dicunt
1381 1773 1562 1804 Platonem
1587 1783 1692 1814 quum
1718 1772 1831 1803 adhuc
1857 1773 1992 1802 iuvenis
2018 1778 2125 1811 esset,
2152 1773 2187 1803 in
2215 1772 2350 1813 poetica
2368 1772 2589 1810 excelluisse,
2617 1779 2734 1813 postea

165 1830 330 1863 Socratis.
346 1830 540 1862 auditorem
567 1840 672 1871 quum
699 1829 850 1865 videret,
877 1829 967 1862 hanc
993 1836 1101 1862 artem
1126 1841 1147 1862 a
1171 1830 1312 1867 Socrate
1338 1831 1451 1870 reiici,
1476 1831 1583 1862 libros
1608 1831 1760 1872 poeticos
1789 1839 1875 1870 quos
1892 1830 2122 1871 acquisiverat
2147 1829 2384 1861 combussisse.
2434 1830 2605 1861 Adhaesit
2630 1831 2734 1871 igitur

165 1888 318 1929 Socrati,
357 1889 453 1921 cuius
489 1888 679 1929 discipulus
710 1887 791 1928 fuit,
833 1898 943 1919 annos
969 1888 1062 1928 50.i)
1112 1888 1244 1921 Didicit
1274 1894 1389 1921 autem
1423 1889 1466 1921 ab
1500 1900 1541 1921 eo
1573 1889 1828 1931 philosophiam
1860 1888 2200 1929 Pythagoraeam.d)
2252 1889 2410 1920 Mortuus
2444 1889 2582 1929 reliquit
2616 1889 2733 1920 hortos

165 1946 311 1986 multos,
346 1946 433 1978 duos
459 1956 595 1986 servos,
628 1946 770 1978 calicem
797 1956 922 1985 uuum,
948 1951 1103 1987 pateram
1129 1952 1162 1978 et
1186 1946 1400 1989 inaurem,1)
1426 1959 1528 1991 quam
1553 1949 1687 1980 iuvenis
1711 1948 1785 1979 auri
1812 1957 1894 1979 suae
1920 1948 2131 1989 appenderat
2158 1949 2193 1979 in
2218 1949 2355 1989 signum
2381 1949 2571 1980 nobilitatis
2597 1949 2733 1989 generis

163 2005 229 2038 sui.
280 2004 422 2038 Ceteras
446 2015 529 2047 opes
555 2005 599 2037 ad
626 2004 884 2047 desponsandas
909 2004 998 2037 filias
1024 2004 1140 2038 fratris
1165 2007 1218 2039 sui
1244 2007 1386 2049 reliquit
1410 2014 1445 2041 et
1468 2009 1557 2041 inter
1581 2007 1709 2040 amicos
1734 2017 1813 2039 suos
1840 2005 2075 2048 distribuit.K)
2126 2005 2294 2049 Sepulcro
2322 2008 2395 2039 eius
2421 2008 2621 2050 inscriptum
2643 2015 2731 2039 erat:

120 2080 125 2085 ·
165 2065 231 2095 Hie
264 2065 349 2095 situs
383 2070 435 2095 est
468 2065 521 2095 vir
555 2064 711 2105 divinus,
752 2064 811 2106 qui
841 2074 960 2095 omues
993 2064 1150 2096 homines
1176 2068 1353 2108 superavit
1384 2068 1569 2110 sapientia,
1610 2066 1779 2098 modestia
1803 2071 1837 2097 et
1861 2075 1995 2097 morum
2030 2066 2238 2108 integritate.
2287 2065 2506 2109 Quapropter
2538 2067 2731 2108 quicunque

164 2124 369 2166 sapientiam
406 2123 546 2163 laudat,
585 2124 684 2155 illum
719 2124 853 2163 laudat,
892 2125 973 2164 quia
997 2125 1028 2155 ei
1053 2125 1231 2165 plenitudo
1255 2128 1443 2169 sapientiae
1468 2126 1636 2167 inerat.L)
1687 2126 1799 2156 Alteri
1832 2126 1931 2156 lateri
1963 2125 2112 2166 sepulcri
2138 2126 2340 2167 inscriptum
2366 2132 2457 2157 erat:
2509 2127 2602 2157 Heus
2628 2132 2730 2164 terra,

162 2182 299 2214 etiamsi
327 2192 451 2224 corpus
480 2182 635 2215 Platonis
662 2188 777 2224 tegas,
803 2183 845 2214 ad
872 2183 1023 2215 animam
1048 2184 1154 2226 ipsius
1178 2181 1456 2228 appropinouare
1481 2197 1550 2218 non
1575 2191 1691 2228 poteS,
1719 2185 1800 2226 quia
1824 2180 2028 2216 immortalis
2053 2183 2176 2226 estJ)

1299 2407 1599 2451 Adnotatio.

392 2497 430 2538 ⁸)
457 2497 597 2529 Honain
624 2508 657 2539 p.
683 2498 727 2530 57
754 2498 797 2530 de
822 2498 1051 2540 Empedocle:
1102 2497 1173 2530 Hie
1190 2498 1267 2541 fieit
1281 2500 1417 2542 primus
1442 2511 1460 2531 e
1485 2502 1674 2543 quinque
1705 2500 1825 2532 Ioniae
1844 2499 2074 2543 philosophis,
2101 2511 2241 2542 quornm
2267 2501 2403 2530 nomina
2426 2506 2524 2531 sunt:
2552 2500 2580 2530 1.
2611 2497 2728 2541 Empe-

161 2552 294 2593 duoles,
329 2551 364 2587 2.
381 2552 618 2598 Pythayorm,
651 2553 686 2588 3.
707 2553 888 2596 Socrates,
922 2555 954 2588 4.
973 2555 1091 2597 Plato,
1124 2556 1157 2590 5.
1175 2557 1390 2590 Aristoteles.
1440 2557 1680 2591 Barhebraeus
1706 2570 1738 2600 p.
1769 2561 1827 2590 18:
1877 2556 2115 2601 Empedocles,
2143 2556 2366 2600 philosophus
2390 2569 2548 2599 maqrme,
2581 2558 2642 2599 qui
2656 2557 2732 2597 sm't

162 2620 234 2643 mm
256 2613 406 2656 quinque
432 2612 724 2646 columnarum
747 2615 957 2658 sapientiae,
990 2614 1129 2647 scilicet
1152 2614 1212 2647 ille
1237 2620 1273 2647 et
1293 2613 1527 2658 Pythayorasx,
1559 2614 1737 2656 Socrates,
1762 2615 1863 2649 Plato
1891 2622 1927 2648 et
1947 2616 2160 2648 Aristoteles.
2211 2615 2339 2648 Iisdem
2364 2615 2479 2648 verbis
2507 2614 2727 2662 Abnlphara-

159 2669 238 2711 gius
262 2680 296 2713 p.
314 2670 370 2704 33.
422 2670 655 2716 I'hilosophos
674 2671 828 2707 Graecos
853 2673 1015 2707 dividunt
1038 2673 1173 2708 Arabes
1197 2674 1233 2707 iu
1258 2679 1403 2715 veteres,
1430 2685 1515 2717 quos
1541 2675 1719 2708 columnas
1744 2675 1933 2717 sapientiae
1958 2681 2095 2715 vocant,
2114 2681 2147 2707 et
2164 2675 2395 2714 recentiores;
2423 2673 2672 2708 Schahrastan.
2692 2672 2727 2705 11

160 2738 196 2770 pu
223 2730 279 2762 80.
330 2729 420 2764 Sunt
442 2731 501 2773 qui
528 2732 564 2764 iu
590 2738 742 2766 veterum
769 2742 914 2766 numero
938 2732 1089 2766 habeant
1112 2738 1244 2776 septem
1267 2733 1457 2776 sapientes,
1483 2744 1552 2768 non
1580 2734 1659 2768 illos
1686 2735 1823 2777 quidem
1851 2735 1909 2777 qui
1934 2734 2038 2777 volgo
2055 2734 2229 2775 feruutur,
2256 2734 2316 2767 sed
2336 2734 2520 2768 Thaletem
2540 2733 2725 2773 Milesium,

161 2788 429 2830 Anaxagoram,
469 2791 745 2832 Anaximenem,
784 2792 1049 2834 Empedoclem,
1088 2791 1341 2834 Pythagoram,
1379 2792 1576 2835 Socratem,
1612 2794 1814 2835 Platonem,
1863 2794 2109 2836 columnasque
2149 2793 2211 2825 has
2254 2793 2495 2836 philosophiae
2532 2793 2724 2835 adpellem,

161 2846 387 2880 Aristotelem
412 2850 661 2883 recentioribus
687 2851 973 2892 adnumerantes,
1012 2856 1052 2884 ut
1075 2851 1278 2884 Schahrast.
1301 2851 1338 2883 H
1361 2863 1394 2894 p.
1423 2853 1464 2884 81
1492 2863 1589 2894 sqq.,
1627 2854 1685 2895 qni
1711 2864 1743 2895 p.
1774 2855 1839 2885 117
1865 2852 2046 2886 Platonem
2073 2858 2227 2884 veterum
2252 2858 2356 2893 atque
2382 2852 2621 2884 columnarum
2647 2852 2725 2883 ulti—

161 2912 255 2935 mum
288 2904 382 2941 dicit.

388 2965 433 3007 Ι’)
455 2966 511 2998 De
542 2974 674 3010 septem
705 2969 916 3011 sapientibus
949 2970 1019 3004 vid.
1044 2974 1114 3003 not.
1141 2979 1171 3000 a.
1222 2969 1312 3001 Pro*
1327 2970 1428 3001 unius
1451 2969 1602 3001 scribere
1627 2970 1746 3003 debuit
1770 2970 1923 3003 Casirius
1949 2981 2045 3003 unus.
2095 2969 2185 3002 Nam
2210 2969 2303 3011 quod
2327 2969 2419 3011 apud
2446 2968 2581 3001 Arabes
2607 2968 2725 3000 Aristo

159 3021 333 3054 interdum
358 3023 521 3057 scribitur
545 3036 611 3068 pro
634 3028 841 3068 Aristotele,
876 3038 946 3060 non
980 3028 1082 3060 debet
1107 3027 1174 3059 huc
1198 3029 1382 3072 pertinere.
1432 3028 1524 3060 Illud
1549 3030 1653 3061 etiam
1678 3030 1798 3062 dubito
1822 3039 1866 3061 an
1892 3039 1962 3061 non
1987 3035 2109 3073 septem
2137 3028 2313 3070 scripserit
2337 3026 2627 3067 Gemaleddinus,
2665 3027 2723 3058 sed

158 3080 319 3124 quasque.
2171 3071 2183 3084 ’

385 3141 420 3182 0)
446 3140 564 3174 Minus
590 3142 675 3175 haec
700 3143 864 3176 adcurate
889 3145 1101 3177 Assemanus
1126 3155 1229 3186 quam
1255 3144 1418 3177 Casirius.

381 3199 422 3243 d)
448 3198 501 3232 Ne
540 3200 629 3234 haee
664 3202 803 3244 quidem
840 3204 923 3236 satis
961 3203 1125 3237 adcurate
1162 3203 1333 3243 reddidit3
1372 3204 1538 3236 debuerat
1568 3204 1642 3237 fere
1673 3206 1738 3238 sic:
1777 3188 1979 3247 accepitque
2010 3206 2258 3246 (disciplinam)
2291 3216 2312 3236 a
2343 3202 2543 3245 Pythaqora
2578 3202 2721 3240 Graeco,

158 3252 342 3300 lubuitque
379 3258 414 3291 in
452 3258 656 3303 accipiendo
691 3260 820 3294 socium
843 3258 1035 3303 Socratem,
1072 3272 1181 3306 neque
1218 3261 1350 3296 claruit
1380 3263 1454 3296 eins
1484 3263 1648 3296 memoria
1682 3264 1773 3296 inter
1804 3265 1974 3307 sapientes
2002 3262 2174 3297 Graeciae
2207 3264 2276 3296 nim·
2293 3268 2375 3306 post
2396 3267 2533 3294 mortem
2557 3259 2720 3294 Sacrata.

158 3310 263 3351 Quod
286 3323 370 3360 vero
395 3316 616 3361 Pythagoras
642 3318 851 3362 discipulum
876 3319 1054 3354 Socratem
1079 3320 1180 3362 facit,
1207 3321 1364 3355 Platonis
1389 3322 1683 3366 condiscipulum,
1721 3323 1848 3355 erroris
1874 3324 2005 3356 socium
2029 3322 2287 3356 Barhebraeum
2312 3322 2424 3355 habet.
2475 3320 2544 3355 Sed
2569 3322 2603 3355 in
2629 3332 2720 3355 com-

156 3373 320 3413 putandis
350 3377 478 3409 veteris
503 3376 673 3410 Graeciae
704 3379 916 3420 temporibus
947 3380 1169 3412 vehementer
1203 3390 1304 3422 saepe
1337 3381 1411 3412 falli
1438 3380 1593 3421 Arabes,
1633 3382 1759 3423 quippe
1793 3381 1957 3413 historiae
1989 3383 2062 3413 eius
2093 3382 2195 3414 rudes
2220 3388 2254 3414 et
2278 3383 2321 3414 ad
2347 3393 2422 3414 eam
2446 3380 2720 3421 cognoscendum

2483 3452 2503 3480 4
